2802 4908
535 367 584 398 a·
629 307 706 418 'arr
762 362 811 400 -·

149 535 304 590 sannone
331 533 405 589 eam
436 527 700 610 comparaveris,
744 524 881 610 elegans
908 523 988 596 le're·
1005 535 1067 594 cst.
1109 524 1194 594 Nam

148 611 273 676 Livium
298 609 470 694 post-XV.
494 629 599 677 annos
628 627 671 678 ne
702 613 813 678 asnis
842 612 971 698 quidem
999 614 1081 679 satis
1100 611 1192 678 intel·

148 697 270 761 lectum
292 715 380 776 esse,
402 696 559 776 Varr01)
580 699 756 764 memoriae
772 698 932 784 prodidit;
954 697 1068 766 Naevii
1083 709 1193 764 tamen

150 782 287 848 fabulae
301 781 473 848 Ciceronis
494 783 590 848 ctiam
612 795 721 850 aetate
737 786 770 850 in
793 803 931 851 scenam
945 787 1134 870 prodierunt
1147 789 1191 864 ²).

149 870 235 934 Livii
258 872 404 933 carmina
424 887 470 934 ne
489 869 590 953 digna
602 871 737 954 quidem
759 887 836 936 esse
861 869 1004 936 affirmat
1019 871 1136 938 Cicero
1148 873 1193 956 8),

151 975 236 1039 qnae
265 955 381 1018 iterum
403 953 569 1038 legentum
602 955 719 1021 Naevii
747 967 856 1022 tamen
887 956 1007 1022 bellam
1033 956 1194 1024 Punicum

150 1043 298 1124 ipsorum
331 1039 456 1105 Horatii
486 1041 669 1128 aequalium
698 1044 861 1110 mentibus
891 1042 1024 1108 infixum
1055 1055 1127 1108 erat
1159 1053 1195 1108 et

150 1129 184 1190 in
225 1147 336 1190 eorum
372 1129 522 1192 manibus
562 1131 753 1194 versabatur
768 1129 813 1214 4).
867 1120 956 1194 Nam
987 1130 1075 1214 quod
1110 1128 1195 1194 Lirit
1256 1195 1260 1204 ,

151 1209 337 1296 Odysseanl
359 1213 392 1277 in
416 1212 542 1278 scholis
563 1235 624 1278 sua
646 1218 743 1280 etiam
771 1223 880 1280 aetate
908 1215 1063 1280 dictatam
1086 1224 1118 1279 et
1139 1232 1193 1278 ex·

151 1299 320 1383 plicatam
341 1317 417 1364 esse
437 1299 637 1384 Horatius⁵)
666 1301 763 1380 dicit,
793 1301 826 1365 id
855 1302 962 1384 ipsum
984 1301 1098 1381 doect,
1128 1321 1195 1366 non

152 1384 351 1450 intellectam
373 1407 446 1450 eam
467 1384 571 1451 fuisse
592 1385 735 1471 populo,
767 1388 826 1452 sed
854 1387 1030 1472 interprete
1052 1385 1195 1468 eguisse,

154 1493 269 1556 quam,
291 1482 326 1534 ut
347 1493 368 1536 a
388 1473 531 1556 Myrone
551 1471 754 1556 Daedalum,
774 1474 820 1540 ita
842 1493 864 1538 a
885 1473 1001 1540 Naeuii
1022 1471 1113 1562 bello
1133 1472 1195 1538 Pu·

151 1559 381 1625 nieoldistare
409 1557 551 1624 affirmat
573 1558 698 1626 Tullius
712 1561 768 1645 ⁶),
798 1579 883 1645 quae
912 1560 955 1624 de
982 1572 1134 1628 sermom
1163 1567 1197 1624 et

153 1644 195 1706 de
218 1654 320 1708 metro
343 1644 431 1710 dicta
452 1664 528 1711 esse
575 1655 653 1724 atet,
687 1667 761 1712 cum
783 1646 825 1712 de
845 1645 1017 1714 secundis
1038 1644 1197 1712 Punicum

152 1729 271 1810 Naevii
302 1729 422 1795 bellum
452 1723 527 1796 clim
548 1667 628 1796 livii
657 1731 711 1796 vel
738 1732 846 1816 potitus
876 1731 1011 1798 Homeri
1042 1730 1197 1814 Odyssea

153 1837 220 1880 non
245 1827 355 1882 certet.
398 1817 481 1880 Inde
510 1837 576 1881 non
606 1828 728 1884 temere
758 1816 955 1885 concludere
974 1814 1053 1882 milri
1073 1817 1198 1899 videor,

153 1901 357 1978 Naeuianum
382 1923 575 1982 sermonem,
599 1902 780 1988 simplicem
801 1924 874 1970 cum
896 1913 929 1970 et
951 1904 994 1967 ab
1016 1901 1105 1968 emt
1118 1900 1196 1966 alie·

153 2009 270 2052 norum
293 1989 479 2060 imitatione
507 1995 714 2071 vacuum),
744 2010 804 2068 eo,
828 2009 900 2074 ,quo
920 1989 1023 2065 vixit,
1052 1997 1199 2070 tempore

154 2073 337 2155 elegantem
365 2073 469 2140 fuisse
499 2086 533 2140 et
569 2087 687 2160 postea
717 2077 813 2142 etiam
852 2075 1070 2158 perspicuam.
1112 2072 1199 2138 Nam

154 2160 243 2244 qnod
272 2159 551 2244 Lampadionem,
579 2161 736 2240 Balbum,
765 2161 938 2245 Virgilium
966 2159 1198 2243 grammaticos

156 2246 304 2312 carmina
335 2247 506 2324 Naeviapa
537 2249 781 2318 commentariis
809 2247 1006 2315 instruxisse
1035 2255 1199 2322 narratur,
1268 2301 1276 2328 s

154 2332 188 2398 id
209 2333 243 2397 in
257 2333 394 2398 Ennium
415 2336 545 2420 quoqne
566 2335 653 2402 cadit
666 2338 710 2415 ⁸),
733 2351 830 2418 quem
849 2344 958 2400 tamen
976 2329 1200 2408 enfladriano

156 2418 255 2484 etiarn
276 2421 474 2502 imperatore
494 2421 527 2492 in
550 2419 676 2492 deliciis
695 2419 843 2489 habitum
856 2431 888 2484 et
902 2417 1082 2488 lectitatum
1096 2415 1201 2482 luisse

113 2506 116 2512 '
157 2515 289 2570 constat
305 2509 349 2586 ⁹).
392 2501 504 2592 ltaque
524 2506 707 2576 invidiosus
729 2517 780 2572 est
800 2505 997 2572 Theodorus
1019 2502 1200 2586 Bergk10)

157 2603 192 2653 et
211 2602 494 2674 praeoccupatus,
516 2593 573 2676 qui
592 2591 678 2658 Livii
698 2592 877 2664 Andronici
899 2609 1017 2656 versus
1038 2599 1072 2652 et
1091 2586 1200 2654 elcen-

157 2677 280 2742 ticnem
307 2677 476 2745 Naeviano
513 2678 642 2745 dicendi
679 2697 800 2760 genere
831 2675 933 2742 multo
968 2672 1138 2740 molliores
1168 2684 1203 2740 et

158 2761 378 2844 elegantiores
401 2764 548 2848 judicat,
580 2763 693 2848 neque.
716 2769 811 2830 satis·
830 2762 944 2828 habuit
964 2762 998 2826 in
1020 2761 1202 2826 orationem

156 2847 361 2914 Naevianam
382 2849 557 2928 invehere,
584 2851 642 2914 sed
664 2861 767 2916 totam
788 2849 900 2934 pne'sis
920 2848 1112 2914 Naevianae
1132 2843 1201 2912 lau·

158 2935 234 2998 dem
263 2933 410 3000 funditus
447 2948 595 3002 evertere
632 2949 772 3002 conatus
801 2945 869 3012 est,
906 2931 1068 3017 exemplis
1094 2941 1203 2998 umen

158 3041 259 3094 usus,
294 3023 411 3105 quibus
441 3029 532 3102 (narn
555 3042 597 3096 er
618 3023 753 3088 arbitrio
777 3019 944 3104 explicata
961 3029 996 3082 et
1016 3018 1204 3102 meimet

157 3105 304 3190 Bergkio
327 3105 494 3177 intellecta
520 3112 611 3188 sunt)
642 3106 772 3174 mallem
800 3127 884 3172 usus
904 3126 968 3171 non
993 3115 1091 3170 esset.
1134 3102 1204 3170 Soa

159 3193 202 3256 de
229 3195 360 3276 poetice
382 3194 499 3258 Naevii
527 3193 685 3259 facultate
716 3205 749 3259 et
776 3192 885 3258 indole
911 3190 1006 3258 infra.
1050 3191 1204 3262 Attamen

159 3299 259 3342 unum
282 3290 351 3358 est,
381 3301 445 3365 quo
473 3281 657 3367 argumenti
686 3281 789 3346 instar
817 3300 899 3344 usus
927 3289 978 3343 est
1006 3275 1048 3341 ad
1072 3276 1203 3341 demon·

159 3366 348 3443 strandum,
382 3385 478 3450 qaam
511 3369 554 3431 sit
582 3367 753 3432 Naeviana
790 3366 886 3431 dictio
914 3362 1062 3430 Liviana·
1086 3362 1202 3426 minor.

161 3452 424 3536 Arpraftcnentem
446 3453 531 3521 enim
548 3449 737 3536 Apollinem
758 3450 905 3516 Naevius
929 3448 1094 3531 dixitu),
1116 3447 1206 3531 qnod

159 3537 359 3603 uocabulum
382 3547 517 3622 propter
537 3541 631 3603 metri
658 3537 833 3621 angustias
859 3557 880 3602 a
909 3539 1011 3618 potita
1030 3531 1206 3599 formatum

159 3624 258 3710 eique
279 3626 360 3690 vitio
381 3626 572 3692 vertendum
600 3641 677 3690 esse
696 3623 833 3710 paravit
877 3621 946 3688 Sed
974 3634 1034 3685 cur
1054 3617 1206 3685 demum?

232 3897 261 3964 1)
289 3895 326 3950 de
349 3893 418 3968 ling.
444 3895 510 3952 tat.
530 3913 602 3970 pap.
619 3899 670 3955 288
686 3893 793 3972 Spenp.
861 3896 891 3962 2)
916 3889 956 3964 οἶ.
977 3905 1050 3966 pap.
1078 3894 1128 3949 roc
1148 3896 1207 3968 sqq.

162 3982 192 4052 e)
211 3980 296 4037 Brut.
313 3980 412 4035 xvrrr.
430 3985 473 4038 rr.
527 3985 556 4049 a)
585 3981 690 4041 Hace.
701 3981 804 4056 apat.
819 3977 852 4036 n.
873 3988 897 4038 ι.
915 3982 958 4038 55.
1007 3976 1039 4050 5)
1065 3971 1158 4050 ripae,
1174 3969 1208 4034 n.

163 4075 189 4126 1.
208 4071 251 4124 69.
305 4067 335 4137 6)
353 4065 436 4122 Brut.
450 4063 548 4122 xvnt.
566 4073 610 4126 70.
660 4065 750 4142 Tios.
769 4063 870 4136 Meyer
881 4061 918 4119 'in
936 4062 1077 4118 Μῶν.
1094 4061 1148 4136 fiir
1160 4060 1209 4120 At·

163 4153 435 4212 tertlrumrw.185ti.
455 4171 528 4228 papa
544 4157 603 4212 376.
662 4152 691 4221 8)
710 4149 827 4206 Saetan.
854 4148 892 4204 de
914 4143 1017 4224 Hiceta
1040 4160 1165 4222 promat
1183 4153 1208 4207 2.

163 4245 194 4312 9)
214 4240 368 4316 Spartica.
385 4243 416 4294 in
432 4241 492 4296 otta
504 4239 633 4293 «idriam.
674 4239 724 4310 10)
740 4241 771 4292 tn
784 4233 924 4291 Mircbr.
941 4231 993 4316 {te
999 4231 1209 4289 AEter‘tlttrmtwl

162 4332 241 4387 tila·
255 4343 328 4400 pap.
348 4329 406 4383 191.
458 4326 504 4394 11)
522 4323 585 4379 teet
604 4321 681 4380 Rea.
696 4315 729 4375 il.
751 4323 793 4380 13.

882 4405 951 4472 14*
