2782 4894
654 299 901 374 ..34...

257 485 340 564 solo,
363 483 439 572 quid
463 479 590 567 pessus
604 482 648 547 sit
669 479 869 562 Sohnettius,
894 483 960 569 qui,
982 482 1011 547 si
1032 501 1074 548 ex
1095 480 1256 569 exemplis
1278 505 1301 552 o
1385 481 1387 556 ῗ

209 646 211 652 ,
257 591 294 634 se
314 569 431 636 allatis
447 570 489 634 de
509 589 608 636 versu
629 568 704 652 ipso
727 567 924 636 oonoludere
944 568 1095 650 voluerit,
1117 571 1301 637 ooneedere
1385 559 1387 638 ἶ

259 655 418 734 debebat,
448 656 524 720 inde
545 676 566 720 o
588 654 681 722 Livio
702 654 892 722 Andronico
919 675 1053 740 pessum
1083 655 1194 721 datum
1223 677 1303 722 esse

258 753 292 806 et
306 741 433 826 lapsam
449 749 551 806 totam
573 739 672 826 hujus
693 741 787 806 metri
808 741 959 821 somnam,
978 741 1065 844 quod
1083 740 1206 807 suetum
1223 763 1302 808 esse
1386 739 1387 760 ³

258 828 395 892 Iudaeus
419 827 531 892 eredat
552 824 682 910 Apollo.
726 827 810 892 Nom
839 845 924 912 quae
952 827 1049 892 allert
1076 829 1303 894 vetustissima

259 934 413 978 versuum
442 912 666 978 Saturniorum
693 911 933 996 fragmentum
962 931 1003 977 ee
1030 914 1076 978 ito
1104 913 1228 993 fluunt,
1252 927 1301 992 ut,

259 1023 301 1068 ue
321 1003 354 1065 in
376 1020 441 1064 nno
463 998 592 1083 quidem
612 996 716 1064 thesis
736 997 849 1083 aliqua
869 1017 1051 1082 suppresso
1070 999 1132 1080 sit,
1159 1011 1302 1086 excepto

265 1089 363 1153 unico
393 1105 491 1149 versu
512 1104 532 1148 e
554 1085 697 1150 carmine
725 1083 884 1150 amatium
912 1085 1042 1165 fratum,
1095 1159 1098 1170 Ι

388 1235 519 1294 se‘munis
542 1232 670 1292 alternei
692 1233 852 1312 tdvoonpit
873 1233 1000 1294 cinctos

261 1378 314 1464 qui
338 1388 445 1440 tamen
467 1373 525 1450 ita,
546 1383 583 1437 ut
604 1392 625 1437 a
647 1371 816 1438 Sohuettio
844 1375 1039 1440 constitutus
1061 1383 1121 1449 est,
1145 1371 1201 1436 vix
1222 1367 1303 1436 ferri

261 1473 378 1550 potest.
422 1457 531 1533 Quid?
553 1457 641 1544 quod
663 1479 715 1537 eo,
738 1479 822 1543 quae
843 1481 1041 1545 suppressae
1063 1459 1150 1542 opud
1173 1457 1304 1522 Livium

262 1549 366 1616 thesis
403 1542 554 1628 exempla
590 1545 810 1627 apposuit'2),
845 1545 892 1610 ita
921 1556 1111 1630 comparata
1140 1555 1234 1615 sunt,
1267 1553 1304 1607 ut

262 1653 376 1701 omnes
396 1649 463 1696 non
485 1631 626 1696 dubitem
648 1631 725 1714 quin
747 1630 780 1694 in
802 1630 937 1698 schemo
958 1633 1000 1697 ab
1022 1631 1207 1696 Hermanno
1224 1649 1304 1713 pro·

262 1722 404 1807 positum
426 1717 508 1780 bene
537 1727 665 1782 coeant.
708 1715 899 1801 Numquae
924 1717 1093 1783 Schu'ettio
1123 1715 1305 1782 auotoritas

159 1849 163 1854 -
263 1817 326 1885 est,
346 1803 433 1868 unde
454 1809 553 1865 unu'm
573 1820 704 1885 semper
725 1823 863 1887 eumque
889 1814 990 1869 totum
1011 1823 1142 1868 versum
1171 1823 1193 1867 e
1222 1800 1305 1866 seri·

262 1891 409 1979 ptoribus
431 1887 558 1952 laudari
579 1886 689 1953 seint‘l
730 1887 843 1954 Pauca
865 1899 989 1956 tentum
1010 1888 1161 1975 exemplo
1181 1907 1304 1974 propo·

262 1997 348 2046 nam
391 1975 458 2040 lom
479 1974 603 2058 primus
622 1992 739 2038 versus
762 1973 917 2041 Livianus

388 2098 484 2176 tuique
505 2099 546 2157 mi
567 2098 691 2157 numito
713 2097 814 2158 omnio
831 2099 896 2178 jem
918 2099 1053 2158 disertim

263 2215 494 2301 eeonjeetnro
514 2209 675 2277 Schuettii
695 2215 863 2282 restitutus
885 2225 955 2295 est,
976 2213 1088 2282 addita
1108 2231 1192 2280 voce
1205 2210 1307 2298 jom3
1386 2191 1387 2236 ἢ

263 2297 499 2376 soeilior‚haee
519 2295 668 2362 medelae

392 2459 550 2482 .......
573 2419 668 2496 tuque
690 2423 730 2480 mi
754 2422 876 2482 norrlto

391 2505 526 2568 disertim
547 2505 672 2564 omnio.
692 2500 746 2579 .'.;
850 2565 854 2572 ,

262 2624 401 2693 alterurn

393 2745 498 2805 sinete
518 2743 597 2821 potr
620 2744 744 2804 Saturni
765 2745 829 2804 tilio
850 2746 955 2826 rtgino

265 2865 310 2930 ito
331 2859 512 2928 eonstituo:

392 2997 452 3062 ..'.
471 3043 506 3062 ..
531 3001 636 3059 sinete
661 2998 739 3075 puer
761 3000 885 3060 Saturni
911 3000 975 3058 lilio

391 3088 497 3166 regina

265 3210 300 3268 ut
329 3219 416 3289 puer·
447 3195 727 3283 monosyllabum,
753 3197 827 3283 filio
855 3197 1050 3286 disyllabum
1080 3199 1144 3286 sit;
1177 3200 1308 3266 tertium
1384 3167 1385 3188 ³

392 3325 517 3400 tumque
537 3340 638 3383 remos
657 3321 752 3399 jrissit
771 3323 901 3403 religare
923 3323 1059 3401 struppis

264 3447 310 3512 ite
330 3439 474 3528 retingo:

513 3543 639 3639 irimque
659 3578 759 3622 remos
777 3561 871 3640 juissit

392 3649 522 3730 religtre
545 3645 680 3726 struppis
697 3642 712 3707 .'
732 3690 740 3707 .

264 3765 321 3834 ubi
347 3784 390 3832 ne
418 3764 462 3830 ad
482 3763 675 3849 productam
697 3763 825 3850 quidem
850 3762 1033 3849 insequenti
1052 3759 1148 3826 litere
1170 3753 1307 3845 lsylle·

263 3854 340 3920 bom
362 3851 458 3916 vocis
478 3851 621 3937 relipore
641 3850 778 3934 primam
797 3847 935 3934 refugio.
979 3848 1163 3935 sequentes
1185 3864 1307 3913 versus

391 3955 482 4050 sique
506 3975 591 4035 escis
614 3974 761 4036 hebemus
784 3974 967 4036 mentionem

263 4145 470 4162 m

329 4256 355 4324 l)
370 4272 439 4330 pap.
453 4250 579 4311 51455.
628 4258 658 4326 2)
674 4277 743 4334 pay.
761 4249 795 4315 55
812 4276 871 4331 sqq.
