2802 4908
487 297 762 374 *1614-

120 497 192 614 auti
207 553 337 614 uenienr
357 477 800 632 repam...⁶‘su1utuurjuraee
817 557 968 620 Albanum
989 562 1143 622 nauteam
1245 579 1251 606 ·

118 653 281 768 ⁰“camitem
302 709 407 768 renim
428 709 733 783 rapientmcamru
753 712 921 792 redhostis,
934 714 1114 776 Maenalus.
1208 727 1213 740 '

106 817 276 902 Navius¹)
307 822 404 897 eod.;
423 795 740 910 'Vejeusfsaultunt
768 823 871 891 urbae
894 826 1056 892 Albanum
1078 849 1143 894 ma-

102 910 174 971 tium
203 907 299 984 cod.;
324 905 452 972 salvere
477 907 574 996 jubet
603 911 690 996 conj.
719 909 849 994 Ursin3
884 913 1039 979 Mereatur
1054 917 1142 982 cod.

101 993 248 1078 Scaliger
268 993 315 1058 ita
337 994 506 1060 emendata
607 1015 609 1024 ·
643 1016 646 1026 ’

200 1107 255 1168 ubi
276 1105 389 1188 chens
413 1099 673 1189 regemaatuuuz
702 1100 799 1170 iubeo
815 1068 967 1172 Albanum
988 1109 1144 1176 Amulium

201 1197 330 1254 comiter
353 1209 458 1256 senem
480 1191 657 1274 sapientem.
691 1196 805 1256 Contra
828 1195 979 1259 redhostit
992 1201 1144 1282 Menalca,

91 1293 191 1385 jubeo
222 1293 386 1366 Albanum
416 1298 579 1366 Amulium
607 1319 668 1386 pro
698 1305 825 1366 euicere
837 1301 940 1390 jubae
963 1305 1004 1369 Α.
1028 1307 1069 1369 Α.
1095 1307 1141 1370 di·

98 1395 183 1450 etum
205 1407 285 1451 esse
305 1389 480 1452 arbitratus
496 1389 551 1469 ²).‘
584 1383 716 1474 Optima
748 1407 840 1465 sane,
863 1389 891 1454 si
912 1389 954 1456 de
975 1391 1142 1476 literarum

98 1473 195 1536 ductu
211 1471 427 1560 judicandum
449 1483 510 1552 est,
533 1472 738 1559 conjectura3
768 1471 830 1540 sed
854 1491 938 1560 quae
960 1474 990 1541 ei
1013 1477 1141 1544 senten·

97 1559 142 1622 tia
165 1560 208 1623 sit
228 1561 390 1645 subjecta,
412 1577 464 1624 mc
486 1577 559 1624 cum
582 1557 741 1623 Muellera
763 1575 829 1628 non
852 1563 1043 1650 perspicere
1065 1585 1142 1628 con·

96 1641 197 1708 iiteor.
245 1644 397 1720 Bothius,·
417 1647 557 1728 probata
577 1646 610 1708 in
632 1647 820 1711 universum
841 1645 1004 1732 scaligeri
1033 1665 1141 1714 ernen-

97 1731 246 1810 datione,
277 1733 330 1796 uel
365 1730 483 1816 Veiens
510 1742 618 1796 tamen
648 1733 681 1795 in
720 1731 819 1797 Vetas
845 1745 983 1800 mutare·
1006 1736 1140 1801 mavult.

89 1816 202 1890 Quam
231 1837 333 1901 ¹supra
363 1817 495 1882 exhibui
502 1861 525 1906 ,Ι
545 1836 619 1880 mea
646 1827 699 1880 est
728 1819 921 1884 emendatio.
972 1819 1142 1889 Sententia

93 1914 204 1970 autem
218 1895 312 1970 *haec
332 1913 402 1968 est.-
424 1896 629 1988 Colloquit'ur
647 1920 722 1966 carn
741 1900 898 1980 Maenala
921 1904 1070 1988 quodam.
1084 1928 1141 1989 pa·

93 1983 209 2053 tricina
232 1985 362 2074 quidam
384 1981 550 2066 Albanus,
571 1982 720 2065 ducena,
751 1989 912 2072 quomodo
934 1988 990 2054 alii
1012 1991 1142 2059 cuidam

91 2072 229 2152 homini,
253 2075 294 2137 de
315 2071 468 2138 Maenala
491 2073 613 2156 optime
642 2075 795 2150 merenti,
827 2075 953 2158 gratiae
982 2075 1141 2162 dicendae

90 2159 146 2226 vel
175 2157 371 2224 referendae
399 2157 473 2224 sint.
518 2155 563 2222 Ut
590 2158 675 2222 enim
705 2157 876 2241 graviores
898 2160 963 2225 sint
985 2169 1017 2226 et
1046 2182 1140 2226 acce·

90 2243 221 2331 ptiores
246 2247 383 2327 gratiae,
415 2243 526 2308 euram
547 2261 626 2326 rege
644 2261 716 2308 'ees
743 2243 933 2310 referendas
954 2266 1030 2310 esse
1051 2246 1141 2326 dicit,

88 2349 189 2418 quem
222 2329 303 2394 iliud
330 2349 395 2394 non
421 2347 538 2413 aegre:
554 2327 695 2394 laturum
722 2347 799 2394 esse
828 2321 988 2410 affirmat,
1019 2333 1141 2417 quippe

89 2418 147 2504 qui
178 2435 286 2481 senex
317 2417 360 2481 sit
385 2425 551 2481 cumea-et
564 2416 715 2500 ¹sapiens.
757 2415 899 2480 Mediam
928 2421 1043 2482 autem'
1068 2439 1140 2484 ora·

90 2507 217 2570 tionem
262 2503 467 2584 interrumpit
500 2502 707 2583 importunus
747 2501 877 2584 quidam
917 2511 951 2566 et
992 2503 1140 2569 fastidiu-

91 2612 162 2668 sus,
187 2609 253 2654 nec
273 2587 507 2652 Albuneanec
534 2587 721 2665 Romanus,
742 2585 810 2650 'aed
839 2587 933 2652 miles
963 2589 1026 2672 (ita
1054 2591 1141 2656 enim

91 2675 241 2759 videtur)
263 2671 427 2758 gloriosus
448 2691 468 2736 e
491 2672 643 2746 Graecia,
674 2673 729 2758 qui
751 2672 849 2755 galee
879 2675 1017 2739 cristata
1041 2693 1139 2742 orna—
1249 2703 1252 2712 ¹

90 2774 164 2842 tae,
196 2760 288 2826 iilum
317 2759 481 2825 Albanum
510 2757 672 2822 hominem
700 2760 747 2824 ita
768 2758 899 2824 salvare
915 2763 1028 2852 Jubett
1051 2765 1139 2826 autu·

92 2858 166 2914 taut
178 2846 288 2936 jubae
309 2846 474 2910 Albanum
491 2845 640 2910 malleum
660 2842 680 2907 i.
704 2865 733 2910 e.
756 2845 910 2912 cristatus
936 2863 999 2928 ego
1021 2859 1054 2912 et
1072 2847 1141 2914 ior·

90 2935 134 3016 tis
156 2931 400 3006 etbeliicueua
414 2931 526 2997 saluto
539 2941 594 3009 tte,
615 2929 779 2995 huminem
796 2929 932 2995 'malleni
953 2943 986 2995 et
1005 2932 1139 2998 femina·

90 3044 164 3087 rum
187 3039 282 3086 more
301 3015 422 3084 calceis
443 3028 499 3083 aut
521 3014 605 3082 albis
626 3027 683 3082 aut
703 3012 811 3082 rubris
831 3027 982 3081 utentem.
1027 3015 1140 3102 Reges
1186 3071 1189 3078 .
1215 3023 1217 3027 ’

90 3110 178 3174 enim
210 3117 244 3171 et
272 3103 439 3189 principes
466 3101 671 3192 Albanorum
699 3099 828 3176 mulleis
855 3102 902 3167 uti
930 3100 1140 3186 solebanti),

90 3195 212 3262 deinde
244 3192 341 3257 etiam
361 3189 517 3270 Romani,
569 3188 664 3256 uibus
692 3199 801 3256 temen
823 3209 936 3264 eurum
953 3211 1052 3275 (usum
1072 3191 1140 3258 Au·

89 3281 239 3349 relianus
262 3271 442 3360 imperator
461 3211 679 3357 interdatur)

178 3383 282 3466 Quod
301 3402 381 3452 vcro
402 3385 446 3452 ad
467 3383 641 3452 dictionem
661 3386 788 3466 attinet,
796 3379 918 3473 jutan
935 3372 1094 3470 Virgilius
1105 3333 1140 3468 ὃ

90 3497 226 3564 quoque
249 3471 367 3558 galeae
389 3472 633 3540 cusentina
677 3466 794 3556 Neque
811 3482 895 3551 erat,
917 3472 1059 3557 quadiu
1080 3471 1138 3536 du·
1164 3477 1166 3482 ’

248 3559 366 3628 ‘ecura
395 3561 539 3628 comitem
565 3568 600 3625 et
626 3559 803 3642 supieateru
831 3555 983 3640 Scaliger
1012 3566 1049 3634 et
1073 3555 1137 3624 Bo·

86 3565 176 3718 idda
198 3563 468 3728 ddenderentfi).
510 3645 716 3733 Praepositia
737 3654 848 3714 autem
868 3651 1000 3714 amira·
1014 3641 1081 3758 vei,
1101 3652 1139 3714 nt

87 3827 304 3850 ——nfl-ffldd

156 3950 186 4016 1)
205 3944 250 4018 uf.
261 3955 335 4017 pap.
354 3937 397 4001 89.
413 3943 472 4000 utut.
488 3939 521 4002 a·
564 3939 597 4016 ἒ)
623 3938 662 4014 cs.
679 3931 842 3998 Wtrieriuoa
859 3934 900 3998 ad
919 3931 1029 3998 Terent.
1045 3933 1143 4020 Auria¹

86 4025 131 4088 111.
151 4035 178 4090 3.
198 4039 225 4088 1.
279 4031 314 4101 3)
331 4027 433 4086 Fratue
456 4035 489 4084 et*
503 4024 592 4084 Paul.
608 4025 729 4085 Dracon
753 4045 826 4102 pap.
843 4032 893 4086 142
908 4035 936 4083 et
953 4031 1005 4086 148
1018 4025 1138 4089 Muciae

86 4115 243 4172 Mueller'r
260 4113 376 4170 Etruria
394 4115 415 4171 Ι.
429 4131 500 4190 pap.
514 4121 565 4174 269
580 4131 658 4187 sqq„-
676 4111 809 4168 Beclrar'r
829 4111 930 4170 Gallus
943 4111 975 4168 ΙΙ.
988 4129 1060 4186 pap.
1075 4115 1136 4170 105.

85 4203 118 4271 t)
143 4201 259 4274 Vepiru.
277 4205 321 4259 49.
371 4204 401 4270 ὅ)
418 4199 488 4256 Aea.
506 4200 537 4257 11.
554 4203 615 4262 412.
631 4198 693 4256 vu.
709 4202 769 4258 7851
813 4199 842 4268 6)
860 4197 899 4270 ef.
916 4197 1065 4254 Dauarm
1075 4195 1136 4251 Liu.

87 4286 182 4343 Andr.
201 4285 316 4360 frapm.
335 4305 408 4362 pap.
424 4292 467 4348 55.
