2776 4892
667 286 940 362 *til-

271 470 477 540 Duentuerus
499 469 661 551 opinatur,
676 463 846 532 Welckeri
866 469 1029 534 sententie
1050 479 1112 534 est.
1156 465 1316 551 lllugitum

272 559 368 639 euim,
389 577 453 620 non
475 553 626 637 rugitum,
646 550 751 618 fuisse
772 551 863 621 illurn
885 577 1021 638 sonum,
1042 575 1084 620 ex
1105 553 1317 640 Aeschyleuo

272 641 461 727 tragoediae
480 640 664 724 fragmento
686 650 846 724 apparet:

480 753 754 834 ruvpdpSoyyoz
776 752 807 816 δ’
835 749 1092 833 ὑπομυκῶνται

466 843 588 903 ’ποθεν
610 838 649 908 ἐξ
673 841 838 919 ἀφανοῦς
860 839 1011 920 φοβεροὶ
1034 846 1136 919 μῖμοι
1148 841 1192 920 ¹),

273 969 358 1037 quae
378 949 481 1014 verba
494 947 687 1014 Welckerus
709 962 798 1014 recte
820 950 866 1014 ita
882 950 1125 1035 interpretatur,
1147 959 1182 1013 ut
1207 944 1317 1012 eloco

274 1035 380 1102 oculis
411 1037 571 1101 subducto
602 1057 705 1101 sonos
734 1047 901 1101 taurorum
934 1037 1008 1100 voci
1040 1034 1163 1100 similes
1190 1033 1319 1099 auditos

273 1143 351 1188 esse
370 1123 458 1188 dicet
470 1127 511 1204 ⁹).
554 1123 621 1186 Sed
640 1142 741 1208 aquo
757 1123 879 1203 emissi,
901 1143 1037 1208 quaeso,
1060 1121 1094 1186 ni
1110 1131 1204 1187 erant
1219 1119 1318 1184 soni?

277 1209 395 1274 Mutae
422 1207 651 1294 quadrupedes
674 1229 739 1272 nnn
764 1210 877 1273 dubito
899 1210 976 1293 quin
1007 1210 1101 1294 ipsae
1122 1206 1320 1272 Baccheos

274 1294 426 1444 Lycurgo
451 1295 619 1373 dicantur,
649 1315 733 1380 ques
754 1295 819 1358 alio
842 1293 962 1378 loco³)
981 1315 1092 1380 pecua
1124 1305 1232 1378 vocat.
1285 1293 1320 1358 Iu

274 1381 369 1446 sivis
391 1381 475 1444 enirn
505 1380 559 1445 vel
589 1383 692 1446 antris
715 1383 813 1446 boum
843 1381 947 1446 instar
979 1380 1131 1446 Bacchas
1163 1380 1319 1462 mugisse,

274 1487 317 1554 err
344 1467 497 1551 Euripide
511 1468 544 1552 4)
579 1479 689 1532 notum
718 1480 778 1532 est.
837 1465 952 1552 Neque
982 1467 1173 1551 Satyrorum
1205 1486 1320 1531 vocem

275 1573 294 1620 e
318 1574 432 1618 uorum
453 1552 588 1618 hinnitui
610 1566 642 1618 et
664 1553 843 1620 hoedorum
864 1553 985 1618 baletui
1008 1552 1186 1618 dissimiles
1206 1551 1320 1631 luisse,

275 1575 442 1703 Plutarchi
458 1638 553 1703 locus
575 1661 596 1704 o
610 1638 788 1704 Welckero
802 1641 834 1724 ⁵)
858 1639 1019 1722 allegatus
1041 1642 1151 1718 docet,
1168 1661 1235 1725 qua
1249 1641 1321 1724 ipsa

274 1725 316 1790 de
337 1745 440 1790 causa
462 1725 599 1812 Satyros
622 1725 749 1792 hoedos
772 1727 877 1791 dictos
896 1726 999 1792 fnisse
1021 1728 1110 1794 dicit.

357 1833 470 1900 Verba
492 1836 636 1920 Lycurgi
661 1851 748 1914 sunt,
771 1837 925 1902 Bacchas
948 1839 979 1900 in
1005 1856 1158 1902 carceres
1176 1836 1255 1900 duci
1272 1836 1321 1920 ju·

273 1922 434 2005 bentisi).
483 1923 598 1986 lllulos
628 1934 736 1987 autem
767 1925 997 2010 quadrupedes
1031 1921 1182 1988 Bacchas
1213 1932 1321 1998 vocat,

273 2017 340 2072 tum
353 2008 439 2091 quod
450 2009 681 2092 quadrupedes
698 2031 781 2074 voce
798 2009 1016 2086 imitabantur,
1032 2022 1099 2072 tum
1115 2009 1203 2092 quod
1221 2016 1324 2072 mutue

274 2093 425 2160 dicuutur
446 2095 603 2163 animalia
625 2097 834 2182 oppositione
862 2097 1031 2180 μερόπων
1063 2095 1322 2178 arepertum).

789 2272 821 2339 9.

214 2479 217 2496 Ι
258 2441 335 2534 ,ὀνο
356 2387 485 2536 §purius
515 2391 549 2470 ):
583 2409 686 2456 arcae
704 2394 872 2480 feminino.
922 2393 1074 2460 Naeuius
1101 2393 1254 2482 lqcnryo
1288 2398 1325 2460 ei.
1373 2385 1374 2413 ¹

398 2590 703 2668 quoque-incedunt
725 2598 832 2655 omnes
852 2613 949 2654 cruos
965 2597 1117 2655 obterunt.
1372 2571 1373 2641 l

271 2693 332 2760 Sic
352 2693 425 2759 libri
447 2699 673 2780 manuscripti.
718 2701 923 2766 Felicissime
945 2699 1053 2765 locum
1076 2702 1122 2765 ite
1142 2699 1325 2768 restituisse

271 2780 470 2848 Mercarium
492 2784 686 2866 praedicant
709 2786 848 2852 Bothlus
869 2799 902 2852 et
923 2787 1148 2870 Duentuerus:
1267 2855 1272 2864 ,
1371 2798 1372 2871 l

400 2897 511 2972 Liberi,
536 2903 849 2976 quaqua-incedunt,
875 2922 980 2962 omnes
1004 2921 1091 2962 arros
1115 2905 1273 2964 obterunt.

272 2997 468 3062 quamquam
498 2979 639 3046 Bothius
672 2973 830 3070 quotquod
859 2979 971 3068 legere
1004 2985 1138 3048 mavult.
1193 2982 1323 3048 Minime

266 3079 371 3137 ⁴rer03
403 3063 512 3129 omnia
542 3069 774 3153 sanissimam.
819 3069 962 3145 ‘Quinam
985 3065 1090 3148 enim,
1122 3071 1151 3135 si
1173 3069 1323 3134 Mercerii

271 3146 484 3231 amplecteris
513 3155 792 3234 emendationem,
823 3157 870 3221 illi
901 3167 995 3234 sunt,
1025 3158 1082 3240 qui
1105 3157 1216 3221 Liberi
1247 3175 1323 3221 ervo

271 3235 449 3336 obterunt?
482 3234 670 3322 Lycurgine
690 3243 854 3310 ministri?
883 3243 973 3307 llaec
997 3244 1125 3326 quidem
1146 3242 1322 3308 Duentzeri
1369 3247 1370 3329 l

267 3320 450 3404 explicatio
474 3334 543 3401 est,
577 3325 633 3410 qni
666 3327 813 3393 Silenum
846 3327 979 3395 Baccho
1003 3348 1170 3411 exponere
1202 3331 1322 3406 statuit,

265 3408 313 3472 ol)
336 3408 459 3474 Edonis
481 3427 595 3476 omncs
619 3413 703 3478 vites
724 3415 836 3480 deleri.
881 3417 927 3480 At
948 3417 989 3480 de
1010 3416 1122 3480 Sileno
1145 3429 1250 3500 cepto
1274 3435 1322 3480 eo

264 3493 376 3576 gitium
397 3513 576 3561 vereorne·
593 3500 753 3567 audacius
775 3505 836 3580 sit,
860 3516 903 3586 et,
924 3517 998 3567 eum
1022 3503 1160 3584 primum
1185 3505 1218 3568 in
1244 3503 1322 3568 Edo·
1368 3501 1369 3559 l

237 3598 346 3669 ¹rurum
373 3599 512 3666 regnum
541 3581 727 3654 Baeclrlcus
757 3590 879 3674 ingruit
909 3587 1086 3666 tumultus,
1118 3609 1141 3656 e
1169 3588 1322 3676 Lycurgo

276 3734 483 3754 -σ-ῄ-

343 3823 371 3892 l)
392 3825 472 3896 apud
490 3825 623 3886 Straton.
640 3831 674 3887 X.
699 3852 769 3908 pay.
784 3835 836 3890 470
856 3833 920 3892 Cas.
970 3833 999 3904 2)
1026 3833 1152 3909 Triloqle
1175 3854 1248 3910 pay.
1266 3835 1322 3890 32⁴·
1366 3887 1367 3896 ,

273 3907 305 3980 3)
322 3907 490 3982 frepus-22.
543 3919 573 3987 4)
594 3915 612 3970 l.
633 3917 650 3971 l.
671 3917 719 3976 691
738 3919 812 3990 Dur.
861 3918 893 3991 5)
913 3921 1064 3994 Nachtroy
1076 3939 1109 3994 p.
1130 3921 1187 3976 120.
1235 3921 1267 3991 6)
1288 3919 1323 3991 cs.
1366 3925 1367 4017 l

273 3993 378 4068 Eurip.
407 3995 515 4050 Bacch.
531 3999 582 4052 444
608 4008 636 4054 et
660 4003 719 4058 509.
774 4007 803 4073 7)
828 4006 960 4062 Dorvtlle
987 4010 1027 4064 ud
1047 4007 1157 4062 Clarii.
1184 4025 1256 4081 paq.
1276 4005 1324 4062 666

271 4075 378 4149 Beclr.;
407 4081 444 4136 de
461 4081 522 4136 aliu
539 4083 627 4154 hujus
653 4087 784 4144 vocabuli
800 4093 915 4147 notione
931 4093 972 4164 cf.
988 4093 1118 4150 Dorutlle
1135 4093 1155 4147 l.
1169 4092 1189 4147 l.
1203 4110 1238 4166 p.
1256 4093 1323 4155 3533

266 4159 355 4218 'Gicse
372 4166 413 4221 ad
435 4166 524 4222 Cicer.
544 4167 580 4223 de
597 4169 693 4228 Dicin.
710 4171 743 4228 ll.
764 4173 804 4231 12.
820 4175 863 4232 29.
915 4175 946 4248 8)
964 4196 986 4232 s.
1005 4196 1029 4234 o.
1048 4195 1122 4234 arua
1137 4193 1207 4254 paq·
1220 4177 1273 4232 192
1282 4173 1322 4230 M·
1365 4159 1366 4247 l

272 4240 369 4303 reru.
424 4249 456 4325 9)
476 4253 773 4327 approperaret.
895 4257 899 4266 “
1022 4259 1026 4266 ’
1157 4273 1159 4285 “
