2802 4908
547 303 867 424 -ora-u

15 487 19 510 ²
145 487 244 552 etiam
265 485 440 552 verborum
463 485 695 572 deponentium
715 483 824 568 torma
845 488 957 554 aetina
972 491 1014 568 ¹).
1060 485 1196 558 Contra-

145 572 266 638 liuntur
288 593 418 659 quoque
439 591 562 652 voees,
592 583 626 638 ut
654 575 760 641 cedite
780 574 814 638 in
836 575 964 660 cotue)
990 582 1025 640 et
1047 575 1196 658 perfecta

144 661 179 725 in
201 657 342 724 formam
371 659 538 743 praesenti
567 657 706 728 similem
721 661 766 742 ³).
809 659 925 750 Neque
948 679 1011 726 non
1036 661 1194 746 etymolo-

144 767 237 837 gum‚
259 765 353 830 quem
372 745 492 826 dieunt,
513 743 659 810 Naevius
678 765 754 810 sese
770 743 903 812 exhibet
917 747 962 828 ⁴).
1007 745 1195 815 Genitivurn

144 833 270 922 primae
292 829 520 896 declinationis
543 830 576 894 in
599 834 635 895 oi
655 833 727 918 jam
749 831 836 916 apud
859 831 1020 898 Naevium
1042 831 1192 914 inveniri,

145 915 346 1002 epitaphium
367 918 440 1004 ejus
461 917 558 994 docet
572 919 624 1000 ⁵),
653 927 689 982 ut
717 916 805 982 falso
839 939 913 986 eum
934 918 978 983 ab
1000 917 1106 983 Ennio
1127 922 1191 1005 pri·

146 1024 201 1068 mo
223 1002 402 1068 adhibitum
424 1001 678 1082 contendant⁶).
723 1003 853 1072 Graeca
873 1024 1004 1091 quoque
1025 1006 1192 1074 voeabula

144 1089 178 1153 iu
201 1088 343 1167 fabulis,
366 1109 385 1153 e
407 1089 535 1155 Graeco
558 1087 748 1168 translatis,
770 1089 918 1156 adhibuit
932 1091 985 1169 7);
1007 1090 1119 1156 dubito
1143 1103 1189 1156 ta-

142 1195 231 1252 men,
246 1196 288 1239 an
311 1176 344 1240 ln
366 1173 451 1246 bello
498 1195 604 1260 uoque
620 1175 742 1240 Punieo
765 1186 799 1240 et
819 1177 941 1259 togatis
962 1195 1043 1241 usus
1064 1177 1189 1257 iisfsit3

107 1253 113 1284 ³
142 1261 296 1345 exempla
317 1272 406 1326 certe
438 1197 528 1324 nulla
550 1272 690 1325 exstant.
732 1261 812 1328 lude
840 1272 997 1346 apparet,
1028 1261 1190 1332 Naevium

142 1368 209 1411 non
231 1347 276 1412 ita
297 1368 448 1412 severum
469 1346 572 1412 fuisse
592 1345 792 1426 Romanum,
812 1359 849 1412 ut
870 1348 954 1414 Cato
977 1347 1048 1426 luit,
1070 1351 1125 1434 qui
1145 1373 1189 1415 ne

142 1452 185 1498 ea
213 1432 343 1518 quidem
372 1455 392 1498 e
423 1434 554 1498 Graeca
590 1430 702 1516 lingua
739 1434 773 1498 iu
802 1433 984 1502 Romanam
1018 1433 1189 1506 inferenda

141 1539 219 1585 esse
242 1518 351 1603 duxit,
374 1521 492 1608 quibus
515 1539 556 1585 ea
578 1530 656 1588 vere
676 1531 862 1606 augeretur.

416 1711 484 1782 De
516 1710 709 1804 impertio
741 1712 920 1782 Noeoii.

227 1876 411 1940 Romanum
432 1895 509 1940 esse
524 1881 660 1959 potitam
683 1873 906 1942 demonstravi
913 1901 924 1954 3
952 1885 1095 1940 attamen
1119 1897 1188 1944 nou

140 1959 248 2028 solum
263 1961 391 2027 Romae
411 1973 509 2027 natus
531 1964 594 2036 eit,
616 1963 676 2026 sed
694 1961 882 2027 Romanum
903 1962 1001 2027 etiam
1021 1962 1187 2045 ingenium

140 2069 224 2131 prae
244 2069 282 2112 se
301 2048 373 2112 lert.
417 2048 509 2113 Uber
531 2058 603 2128 est,
632 2047 745 2132 gravis
767 2058 801 2112 et
821 2047 932 2117 audax
953 2058 986 2112 et
1006 2046 1109 2126 liber,
1140 2058 1186 2126 et,¹

140 2134 171 2198 si
194 2135 290 2201 venia
314 2135 436 2212 verbo,
458 2134 621 2218 politicus.
668 2133 718 2198 De
745 2136 894 2200 ubertate
915 2133 1045 2220 quidem
1065 2139 1186 2217 poetae

139 2241 206 2286 non
229 2219 308 2285 lieet
324 2219 474 2308 judicare
495 2220 609 2300 exiis,
629 2239 716 2304 quae
735 2230 930 2304 supersunt3
960 2219 1020 2285 sed
1038 2217 1184 2285 luculen-

137 2308 279 2371 tentissa
298 2306 388 2372 hano
410 2307 534 2371 iurem
557 2312 689 2370 exstant
719 2307 904 2371 testimonie
926 2305 1020 2369 Ennii
1053 2315 1087 2370 et
1107 2303 1183 2370 Vir·

140 2391 221 2476 giiii,
242 2394 340 2457 immo
363 2413 444 2458 vero
466 2392 564 2458 etiam
579 2391 752 2475 Propertii,
774 2393 829 2476 qui
844 2391 1004 2458 Naevium
1025 2411 1091 2456 non
1114 2391 1184 2456 imi·

136 2479 199 2544 tati
220 2478 339 2556 solum,
360 2479 418 2544 sed
444 2499 486 2543 ex
507 2478 581 2563 ejus
600 2475 693 2542 libris
715 2476 816 2548 muita
837 2477 987 2544 suffurati
1006 2487 1092 2542 sunt.
1114 2477 1188 2542 Sed

137 2565 181 2628 de
211 2564 340 2630 haere
372 2562 477 2640 inire,
509 2563 564 2628 ubi
594 2563 636 2628 de
665 2561 804 2646 singulis
833 2563 951 2631 Naevii
984 2564 1186 2630 carminibus

138 2659 331 2734 exponetur.
374 2652 427 2716 Ile
456 2648 618 2734 gravitate
645 2650 702 2716 vix
722 2659 773 2716 est
796 2649 883 2732 quod
906 2669 1073 2727 moneem3
1103 2669 1182 2714 oon-

138 2737 252 2802 temnir
273 2738 360 2804 enim
381 2738 555 2802 verborum
583 2732 779 2818 elegantium
806 2743 840 2800 et
868 2734 903 2798 in
924 2735 1086 2809 sententia
1107 2735 1189 2820 ipsa.

139 2825 341 2907 aequieseit‚
360 2834 410 2888 ut
433 2819 607 2888 Terentius
623 2824 655 2902 ⁸)
683 2820 887 2894 Naevianam
910 2822 1105 2904 gravitatem
1125 2822 1185 2886 oo·

138 2913 258 2974 scurae
278 2908 464 2994 aequalium
491 2927 636 2975 suorum.
655 2905 843 2990 diligentiae
863 2916 1019 2991 opponat.
1062 2906 1183 2974 Audax

136 3015 221 3060 vero
250 3018 348 3081 quam
375 2993 492 3071 fuerit,
521 3004 555 3058 et
582 2990 716 3064 vinonio
745 2991 877 3075 publiea
908 3004 941 3057 et
970 2989 1102 3058 exilium
1131 2990 1184 3058 lo-

137 3092 291 3165 quuntur.
336 3082 432 3156 Quae
459 3079 600 3147 audacia
628 3100 703 3144 ourn
730 3078 834 3147 libero
864 3078 937 3164 ejus
965 3078 1075 3147 animo
1104 3099 1183 3146 eon·

132 3169 250 3255 junota
271 3178 332 3233 est.
377 3167 490 3251 Atque
508 3163 574 3232 heo
595 3164 725 3249 quidem
740 3237 742 3242 ,
755 3165 788 3230 in
809 3185 846 3236 re
863 3165 910 3232 de
932 3164 1060 3236 Naeuio
1084 3167 1184 3230 etiam

138 3275 182 3320 ea
210 3253 275 3320 diei
308 3263 466 3338 possunt,
496 3270 582 3336 quaa
609 3251 735 3318 Ennius
762 3249 805 3318 da
833 3271 872 3316 se
899 3252 974 3336 ipso
1008 3250 1183 3317 confessus

139 3350 202 3405 est.
246 3341 331 3405 Nam
359 3347 459 3404 nutus
485 3359 524 3403 eo
545 3339 676 3424 impertio
697 3345 788 3420 emat,
821 3345 918 3408 utet
946 3338 1130 3404 amicitiem.
1151 3345 1186 3402 et

138 3428 340 3492 inimicitiam
362 3429 396 3491 in
415 3427 530 3513 froom
547 3431 735 3508 promptum
752 3431 884 3510 peroret
897 3425 929 3506 ⁹)
950 3433 984 3488 et
1005 3423 1104 3487 animi
1126 3443 1182 3488 eo·

139 3516 244 3598 gitata
263 3513 367 3579 libere
384 3509 594 3598 profiteretur
614 3519 666 3587 et,
694 3516 732 3573 ut
759 3509 834 3594 ipso
866 3508 962 3586 dieit,
991 3529 1184 3578 summussos

138 3600 330 3682 odiosam)
353 3608 387 3663 et
409 3597 590 3663 libertatem
610 3613 736 3678 semper
756 3595 866 3686 pluris
885 3595 1016 3746 &celei
1035 3602 1069 3660 et
1083 3598 1184 3661 multo

137 3688 301 3772 potiorem
322 3683 457 3780 luberet
477 3704 573 3774 qoam
592 3683 765 3767 pecuniam
780 3682 845 3768 ¹¹).
874 3693 879 3704 ·
917 3678 1061 3748 olitioum
1075 3693 1184 3754 antem

210 3935 240 4004 1)
259 3930 325 3987 dell.
343 3931 473 3990 Puri-lv.
488 3935 522 3996 2;
542 3927 661 3993 Dun013
681 3925 1042 3997 dorott.1;1³rep'oct.1.a
1077 3928 1184 4000 mmo.
1222 3957 1229 3968 =

137 4021 200 4078 25·=
231 4023 263 4086 8)
280 4018 347 4076 tati.
363 4019 441 4075 Pura.
460 4017 505 4072 lv.
524 4024 557 4080 23
582 4014 650 4085 lma·
666 4016 710 4074 24.
760 4010 1106 4083 4)teit.Pum11.r.a.
1155 4018 1184 4082 5)

137 4125 164 4161 o.
181 4109 207 4162 4.
250 4104 413 4178 &Kouma
428 4103 448 4158 1.
464 4103 482 4157 i·
498 4119 568 4176 pap.
585 4105 645 4160 159.
696 4101 727 4170 7)
747 4098 867 4172 lpseurp.
883 4103 909 4160 ,1.
930 4103 969 4155 12·
986 4103 1026 4158 13.
1043 4106 1084 4158 20.
1113 4097 1186 4155 Dia·
1290 4159 1294 4167 ,

139 4191 194 4249 imi.
213 4198 236 4248 1.
265 4189 392 4246 mont.
409 4198 442 4256 ¹3
459 4206 532 4244 eom.
547 4191 603 4243 ma
619 4189 662 4246 81.
705 4187 736 4255 8)
753 4183 842 4242 Andr.
852 4183 930 4256 prol.
945 4189 987 4240 20.
995 4188 1038 4240 21.
1063 4186 1111 4251 .9)
1126 4183 1185 4238 Eu-

141 4279 207 4331 niur
221 4276 302 4349 aprici
322 4274 395 4331 Geli.
410 4273 484 4330 xlx.
502 4279 526 4332 8.
545 4279 570 4332 6.
624 4277 669 4342 10)
686 4290 758 4329 conr.
777 4274 832 4328 ine.
848 4275 890 4329 18.
946 4271 991 4336 11)
1008 4266 1115 4342 Apitut.
1133 4271 1158 4324 3.
