2776 4892
636 303 914 378 ...100-

258 502 291 558 et
311 489 401 576 apud
422 485 599 556 Homerum
615 487 668 575 ι)ε

425 613 455 678 te
478 610 631 684 ἀκρόπολιν
656 609 773 668 δόλον
795 603 881 681 ἤγαγε
905 609 967 675 δῖος
997 603 1138 675 Οδυσσεῦς

263 729 295 797 e't
316 728 405 815 apud
427 724 601 810 Virgilium
617 724 668 810 ²):

532 869 600 944 ipse
623 868 689 927 doli
709 866 880 926 fabricator
899 865 1017 943 Epeur,

285 1002 383 1068 uibus
414 998 540 1066 elocis
568 1009 678 1082 patet,
710 1017 829 1082 equum
870 996 961 1062 illum
992 997 1171 1084 Trojanum
1194 995 1317 1061 Dolum

265 1027 330 1154 dici
357 1085 488 1156 solitum
520 1083 642 1155 fuisse,
672 1094 709 1149 ut
739 1085 820 1151 satis
851 1084 961 1150 mirari
990 1105 1134 1168 nequeas
1167 1084 1314 1148 o'mnium

266 1175 374 1240 Plauti
398 1174 556 1236 editorum
580 1190 740 1248 errorem,
772 1167 826 1255 qui
849 1168 968 1235 Dolum
997 1169 1053 1234 illo
1076 1169 1153 1235 loco
1176 1189 1316 1236 exarari·

267 1273 318 1325 tes
341 1260 381 1322 de
400 1256 528 1322 Dolone
545 1255 704 1342 Tr0Jano,
725 1255 879 1321 Eumedis
900 1254 977 1338 filio,
1001 1257 1198 1340 cogitarunt,
1220 1275 1318 1342 quem

269 1365 412 1412 errorem
445 1345 608 1408 ‘amante
631 1363 682 1406 me
702 1339 829 1406 notavit
850 1341 1016 1407 Beckerus
1031 1346 1074 1428 3).
1118 1341 1214 1414 Quae
1242 1362 1318 1405 cum

269 1433 316 1497 ita
339 1432 415 1507 sint,
436 1365 555 1494 lJolum
578 1437 612 1492 et
634 1428 759 1513 Equum
783 1428 960 1514 'l'roJanum
983 1429 1120 1494 eandem
1142 1426 1247 1492 luisse
1270 1426 1319 1491 fa-

269 1516 401 1595 bulam,
424 1513 544 1600 duplici
568 1515 697 1578 nomine
719 1515 918 1598 insignitam,
940 1515 1091 1600 conjicio.
1135 1513 1204 1578 Sed
1227 1513 1318 1578 dubi·

271 1613 382 1670 tarunt
410 1598 452 1666 de
480 1601 575 1665 Euo
605 1600 767 1687 Trojano,
798 1611 904 1665 utrum
933 1599 1018 1664 Livii
1046 1617 1090 1664 an
1117 1593 1236 1664 Naevii
1267 1599 1319 1663 sit.

272 1691 476 1772 Quamquam
529 1686 634 1763 aevii,
666 1707 732 1750 non
754 1685 839 1752 Livii
869 1705 945 1753 esse
974 1685 1137 1768 fabulam,
1169 1703 1207 1750 sa
1234 1685 1319 1749 acis·

274 1778 356 1841 sime
378 1775 488 1838 docuit
511 1771 666 1836 Osannus
679 1775 730 1856 ⁴),
755 1769 825 1850 cui,
854 1773 951 1838 noris
973 1772 1173 1856 argumentis
1195 1707 1319 1848 allatis,

273 1859 492 1945 adstipulatur
518 1857 666 1940 Longius
680 1861 722 1942 ⁵).
774 1855 866 1922 Male
896 1869 1003 1922 tamen
1035 1871 1067 1923 et
1096 1859 1179 1923 satis
1208 1858 1321 1921 incon·

275 1967 357 2032 grue
386 1947 452 2029 egit
476 1943 612 2010 Bothius
628 1944 680 2028 ⁶),
709 1943 785 2029 qui,
807 1946 957 2029 quamvis
987 1954 1021 2010 et
1048 1944 1122 2030 ipse
1152 1943 1323 2008 Osanuum

274 2053 388 2110 verum
417 2032 541 2095 vidisse
573 2040 682 2114 putet,
716 2027 924 2096 nihilomiuus
961 2031 1045 2094 inter
1073 2030 1161 2094 Livii
1191 2028 1324 2095 fabulas

275 2119 402 2204 Equum
424 2115 603 2206 Trojanum
625 2115 798 2180 recensuit
843 2110 929 2191 Quid
952 2117 993 2180 de
1014 2115 1251 2199 Duentzerol)
1276 2115 1323 2178 di·
1376 2167 1377 2194 ÷

277 2225 351 2270 carn
372 2205 502 2283 uesci03
533 2213 654 2266 temere
677 2203 761 2266 euim
791 2201 944 2298 neglecta
967 2199 1094 2267 Osanni
1116 2211 1323 2286 argumenta-

277 2290 376 2373 tione,
396 2290 491 2354 Livio
508 2288 696 2350 Andronico
714 2285 918 2352 Naevianam
933 2287 1021 2353 hanc
1039 2286 1183 2353 fabulam
1199 2286 1324 2352 adscri-

277 2378 361 2460 psit3
385 2376 577 2458 quodcum
600 2391 651 2434 me
674 2371 790 2456 fugiat,
808 2375 925 2458 quibus
948 2376 1060 2439 causis
1082 2386 1186 2438 motus
1207 2373 1327 2438 iecerit

278 2466 371 2541 (num
393 2457 502 2522 nullas
524 2457 641 2540 addit),
661 2477 727 2520 non
751 2469 813 2536 est,
837 2461 922 2544 quod
945 2461 1083 2526 obnitar.
1124 2456 1213 2524 Male
1231 2455 1327 2522 Wei-

278 2545 459 2627 chertus⁸)
480 2563 627 2628 quoque,
659 2545 808 2627 quamvis
832 2545 1000 2611 Osannum
1035 2557 1068 2611 et
1088 2537 1249 2628 Langium
1281 2544 1327 2609 oi·
1359 2565 1376 2620 ,¹

278 2644 365 2710 tans,
386 2629 469 2694 Livii
491 2629 602 2693 iaudat
624 2649 740 2716 equum
758 2627 944 2717 Trojanum.
977 2627 1093 2697 Naevii
1115 2643 1223 2698 autem
1238 2627 1328 2696 hana

278 2737 356 2784 esse
376 2714 533 2792 fabulam,
555 2713 632 2778 mihi
655 2717 785 2802 quidem
807 2720 938 2782 omnino
961 2718 1126 2802 persuasit
1150 2719 1327 2782 Osannus:

278 2803 362 2868 Livii
393 2803 478 2866 enim
516 2800 647 2864 fabulas
682 2802 738 2864 vix
767 2821 788 2868 a
819 2823 983 2889 quoquam
1014 2816 1124 2870 aetate
1158 2803 1329 2870 Ciceronis

279 2888 419 2976 intelligi
441 2888 587 2972 potuisse
609 2885 758 2952 affirmat.
803 2889 1015 2974 Argumentis
1036 2903 1147 2956 autem
1170 2893 1212 2954 ad
1238 2905 1325 2954 com·

280 2977 483 3061 probandam
506 2973 592 3038 hanc
614 2993 682 3036 rem
705 2972 815 3038 allatis
837 2988 969 3062 praeter
991 2985 1049 3054 ea,
1072 2996 1158 3062 quac
1181 2971 1328 3060 Longius

281 3063 462 3144 congessit,
485 3059 569 3123 haec
590 3059 666 3122 addi
682 3071 843 3141 poterant.
887 3056 1043 3128 Livianus
1058 3061 1191 3140 fabulas
1208 3063 1327 3149 dignas

280 3165 357 3210 esse
386 3165 471 3230 quae
499 3145 615 3208 iterum
650 3142 817 3226 legantur,
849 3145 967 3214 Cicero
985 3151 1017 3231 ⁹)
1048 3159 1159 3234 negat.
1216 3139 1327 3224 Quid?

281 3230 429 3310 fabulas,
452 3248 537 3316 quae
557 3230 711 3310 indignae
734 3231 900 3316 dicuntur,
932 3256 1017 3319 quae
1038 3233 1246 3319 relegantur,
1269 3253 1328 3299 eos

281 3321 401 3404 dignas
417 3317 546 3382 habitas
569 3335 645 3379 esse
669 3326 861 3395 statuamus,
878 3323 1011 3404 quaein
1031 3335 1132 3386 scena
1155 3321 1327 3385 ederentur

279 3406 455 3474 Ciceronis
476 3411 603 3480 aetate,
635 3420 699 3487 qua
729 3410 763 3466 et
783 3403 865 3468 Attii
893 3418 925 3470 et
948 3407 1082 3472 Pacuvii
1111 3405 1245 3472 fabulae
1277 3406 1329 3471 edi

280 3483 457 3559 solebant?
498 3489 575 3554 Jam
603 3503 683 3551 vero
713 3487 794 3553 Attii
814 3489 1108 3576 Clytaemnestram
1136 3493 1170 3557 in
1200 3492 1330 3557 ludisa

282 3577 442 3666 Pompejo
463 3578 579 3640 iterum
601 3572 747 3639 Consule
761 3575 764 3586 '
778 3595 864 3642 anno
887 3575 1161 3644 DCLXXXXIX.
1183 3579 1218 3644 in
1241 3578 1329 3643 thea·

282 3676 334 3732 tro
355 3664 559 3752 Pompejauo
580 3661 677 3727 editis
707 3659 803 3758 simul
832 3685 906 3761 cum
927 3665 1021 3753 Equo
1043 3663 1187 3755 Trojano
1211 3666 1331 3732 editam

283 3845 492 3865 —n—-n-n-

291 4011 294 4020 .
339 3961 503 4036 diodoro.
518 3964 590 4021 Vlil.
606 3959 666 4020 492.
716 3958 749 4036 2)
767 3959 836 4022 Aen.
853 3957 886 4020 ll.
903 3959 962 4020 264.
1013 3961 1044 4034 3)
1062 3963 1099 4020 de
1115 3981 1187 4020 com.
1202 3958 1333 4020 Romam

281 4043 374 4118 fabul.
386 4065 468 4122 ‚pag
493 4048 538 4102 64.
589 4050 621 4121 4)
640 4047 720 4106 anal.
744 4052 807 4104 ortt.
822 4066 894 4124 pag.
911 4051 998 4106 5-9
1015 4059 1045 4108 et
1063 4051 1123 4106 147.
1174 4049 1203 4116 5)
1225 4048 1333 4104 otudt'o.

282 4132 412 4206 traqoed.
430 4131 517 4186 Rom.
530 4150 604 4206 paq.
622 4129 639 4188 6
655 4128 777 4188 not..10.
828 4131 1250 4210 d)fra9m.traq.1raq.;ll.
1306 4133 1333 4198 7)

281 4213 358 4273 liud·
373 4214 500 4273 Andron·
518 4209 627 4289 fraym-
640 4235 713 4294 Puq·
729 4216 773 4273 49.
824 4217 855 4286 8)
868 4227 946 4294 poet.
965 4219 1061 4277 Larte
1080 4220 1164 4292 reliq.
1180 4235 1252 4298 paq.
1272 4217 1333 4276 336,

278 4301 310 4368 a>
329 4299 414 4358 Brut.
431 4297 528 4358 xvnt.
547 4303 589 4357 n.
669 4299 672 4306 ’
864 4339 869 4360 2
1148 4307 1158 4315 .,
