2828 4892
27 4427 29 4576 i

507 305 762 378 μω,

112 498 175 565 omo
202 483 293 555 omni
321 485 464 550 cananea
488 483 720 570 »supernonere
737 494 879 576 potero:
898 484 1015 556 ¹iiatdo
1048 486 1148 571 nitur

113 587 187 634 enar
206 569 425 638 dracenoet
439 571 633 653 niceten,
686 571 719 636 ui
741 579 879 638 *carmen
894 573 948 636 da
976 570 1065 643 beiio
1083 573 1148 636 Pu·

113 655 186 724 nico
209 675 283 721 non
313 657 413 722 certis
442 655 645 742 ainguiorum
688 655 831 732 ‘brorum
862 656 1019 726 limitibus
1046 655 1149 724 iuclu-

113 759 201 817 sum-,r
217 743 278 806 sad
297 743 478 810 continenti
506 745 547 810 irs
570 763 611 808 ue
630 742 675 808 ad
702 742 799 810 finem
831 743 994 828 scripmra
1020 737 1067 810 ite
1094 743 1150 809 de·

112 824 252 892 fluxisse
272 828 478 910 arbitrantur,
497 841 547 895 ut·
567 831 574 846 ‘
600 829 648 894 eis
665 829 873 913 interpositis
895 827 1016 914 singuii
1035 833 1152 895 versun

113 911 246 978 decreti
273 911 402 980 fuerint.
446 915 539 995 Qua,
567 926 603 984 ut
627 915 675 981 ita
703 914 831 994 dicam,
859 913 1070 981 cohaerentia
1097 937 1151 982 so·

112 993 202 1077 ima,
218 998 408 1084 iampadio
436 1000 555 1068 Naevii
581 1021 713 1066 cannen
741 1002 775 1067 in
797 1011 907 1072 certos
935 1002 1096 1086 quosdam
1116 1001 1152 1066 li·

113 1083 193 1149 bros
214 1084 333 1152 divisit.
376 1087 444 1152 Sed
466 1097 546 1174 quot
565 1086 800 1172 Lampadionis
829 1087 903 1156 iibri
927 1086 1065 1167 suanm,
1086 1105 1154 1152 non

114 1166 252 1234 relatum
288 1172 470 1252 iuvenitur,
503 1172 650 1259 quamvis
680 1193 703 1237 a
734 1173 900 1240 veteribus
932 1173 1154 1258 grammaticis

114 1267 241 1338 septem
270 1268 396 1324 tantum
424 1258 499 1324 iibri
529 1256 718 1337 laudentur,
750 1259 848 1344 idque
875 1259 942 1337 ita,
969 1270 1006 1326 ut
1035 1261 1070 1325 in
1099 1279 1153 1344 eu,

114 1342 203 1424 qood
219 1362 239 1406 e
253 1345 391 1427 septimo
405 1345 493 1428 apud
507 1343 648 1409 Nonium
663 1357 829 1410 servatum
846 1356 907 1426 ast,
925 1344 1109 1430 fragmento
1120 1349 1154 1428 i)

114 1427 155 1490 de
176 1427 272 1512 pacis
289 1429 534 1502 conditionibus
555 1441 684 1513 agatur,
708 1429 795 1500 unde
821 1430 998 1496 uerisimiie
1025 1431 1080 1510 iit,
1101 1452 1154 1497 sev

115 1523 202 1600 ptem
223 1535 340 1584 revera
360 1515 463 1582 libros
484 1515 599 1583 fuisse.
641 1515 717 1580 Nou
739 1527 846 1582 tamen
869 1517 1080 1597 cx'arbitrio,
1095 1518 1156 1583 sed

113 1611 234 1682 poetae
264 1601 369 1684 ipsius
400 1621 515 1666 rurum·
534 1602 782 1686 dispositionem
811 1611 944 1668 secutus
973 1603 1155 1688 Lampadio

115 1681 218 1751 libros
238 1686 367 1766 divisit,
389 1688 521 1754 sivero
543 1699 636 1764 sunt,
659 1707 744 1772 quaa
767 1687 813 1752 de
846 1691 1155 1758 commentatoribus

113 1769 232 1837 Cicero
245 1778 278 1853 ³)
309 1773 411 1843 dieite
437 1776 655 1858 interpretes,
684 1781 720 1836 ut
744 1775 951 1858 mammetis-i
970 1785 1155 1858 poetarum,

115 1862 264 1944 monime
284 1857 331 1922 eri
351 1877 481 1938 eornm,
510 1879 591 1944 paco
618 1862 898 1942 interpretaretur,
927 1860 1156 1930 memnones

114 1944 269 2012 uideatur
288 1946 455 2011 amedera.
689 1971 691 1976 ·
990 1993 992 2000 ι

200 2055 337 2122 Praeter
358 2053 611 2156 Lampadionem
621 2047 795 2122 Cornelius
813 2054 914 2144 ‘etium
935 2065 968 2120 et
986 2049 1157 2137 Virgilius,

113 2141 229 2208 nescio
252 2139 464 2226 qui,Naev1i
484 2139 588 2204 libros
610 2137 852 2208 commentariis
879 2139 1100 2204 instruxerunt
1110 2144 1157 2221 ⁴),

109 2223 215 2310 idque
244 2236 319 2291 ante
348 2225 614 2310 Lampadionem.
639 2243 834 2310 quemquam
856 2223 951 2288 huius
973 2224 1157 2290 Naevianu-

108 2319 189 2380 rum'
213 2313 391 2378 carminum
412 2311 562 2378 recensio
585 2307 797 2377 celeberrima
817 2307 921 2377 fuisse
943 2309 1080 2382 videtur.
1146 2312 1151 2336 '

202 2419 373 2506 Sequitur,
396 2431 432 2486 ut
453 2419 494 2484 de
515 2419 615 2506 totius
638 2418 792 2492 carminis
813 2420 1050 2508 compositione
1077 2439 1158 2510 ago

113 2519 189 2586 tur,
219 2525 286 2572 non
315 2507 389 2579 dico
419 2497 460 2574 de
488 2504 560 2596 ejus
589 2503 700 2572 iudoie
728 2507 878 2596 poetica,
909 2507 950 2574 de
979 2501 1160 2592 quainsra

116 2614 225 2660 sermo
255 2593 335 2671 crit,
364 2591 424 2658 sed
454 2591 495 2658 de
523 2613 631 2662 rerum
659 2593 845 2661 inventione
872 2603 906 2656 et
934 2588 1159 2676 dispositione.

27 2683 29 2714 i
114 2678 187 2762 iam
204 2699 281 2743 vero
296 2677 457 2746 Naevium
475 2677 634 2762 prooemii
654 2678 759 2748 instar
779 2677 1028 2772 antiquissimus
1043 2677 1160 2745 utrius-

117 2763 181 2852 que
204 2765 345 2832 civitatis
365 2759 421 2829 res
442 2761 669 2846 descripsisse,
688 2782 707 2826 e
727 2763 919 2848 fragmentis
940 2761 1035 2849 primi
1056 2774 1089 2828 et
1108 2783 1160 2828 se-

117 2851 312 2917 cundilibri
333 2852 415 2916 satis
446 2861 594 2942 apparet.
637 2847 728 2914 Noli'
744 2860 853 2917 autem
883 2852 1036 2927 credere,
1065 2870 1117 2914 mc
1139 2869 1162 2916 a

117 2935 234 3004 Biumii
247 2937 280 3024 ⁵)
311 2937 459 3020 partibus
488 2946 592 3014 stara,
623 2936 678 3020 qui
707 2955 771 3009 nou
801 2935 928 3000 urbium
949 2936 1094 3018 origines
1116 2943 1160 3014 ct,

117 3023 146 3092 si
176 3023 277 3108 venia
304 3024 426 3101 verbo,
454 3018 653 3087 incunabula
683 3030 828 3099 tantum,
857 3020 916 3084 sed
949 3017 1163 3109 gravissimas

117 3109 219 3176 etiam
240 3129 307 3186 res,
330 3129 351 3173 a
371 3106 531 3174 Romanis
553 3127 574 3171 a
594 3105 707 3190 primis
730 3105 805 3170 inde
833 3107 1034 3191 temporibus
1057 3126 1163 3193 usque

118 3195 158 3262 ad
195 3193 332 3279 primum
361 3191 483 3259 bellum
511 3189 668 3257 Punicum
701 3191 845 3275 gosino,
868 3193 971 3278 ipsius
1001 3191 1080 3274 beili
1109 3193 1163 3256 dc·

117 3281 288 3366 scriptioni
307 3280 506 3364 praemissas
526 3275 630 3346 fuisse
649 3278 791 3344 con'icit.
827 3279 953 3353 Quodsi
966 3277 1055 3344 hano
1070 3296 1163 3343 suam

119 3371 343 3455 conjecturam
365 3365 468 3434 tribus
487 3363 679 3448 fragmentis
690 3300 724 3444 6)
744 3364 860 3430 fulcire
875 3365 996 3444 studet,
1014 3366 1048 3428 id
1066 3381 1164 3448 quam

120 3465 244 3520 temere
270 3452 393 3524 fectum
421 3451 483 3532 sit,
512 3471 574 3516 suo
601 3449 678 3520 loco
707 3461 899 3542 exponetur.
943 3447 1054 3530 Quint
1070 3445 1165 3538 ¹quod

121 3609 330 3632 *ur-¹¹⁸*

190 3701 219 3768 l)
237 3698 258 3754 1.
274 3697 293 3753 i.
306 3713 379 3772 pop,
393 3695 437 3756 m.
455 3703 514 3756 not.
530 3695 575 3751 m.
614 3691 723 3763 ΜΠ.
741 3693 768 3750 i.
814 3693 844 3763 3)
862 3692 899 3749 rie
916 3691 1014 3750 mos.
1029 3689 1050 3751 i.
1067 3681 1167 3748 isti.

123 3789 151 3856 i)
172 3785 266 3846 Varro
283 3785 319 3839 de
336 3783 405 3858 iinp.
423 3783 488 3840 Lat.
507 3799 580 3856 pap,
594 3767 655 3838 Ὦς).
680 3781 724 3837 ed.
741 3777 865 3854 Spatia,
890 3788 945 3852 que
970 3777 1032 3834 ioco
1048 3777 1168 3849 fallitur

126 3869 305 3949 &pompeiius
326 3868 357 3924 i).
372 3865 484 3920 Aelium
496 3879 555 3938 pro
573 3864 704 3921 Cornelio
719 3863 905 3928 substituerem
923 3863 961 3934 cs.
974 3859 1102 3944 Mueller
1116 3861 1136 3916 ἱ.
1145 3862 1169 3920 i..

124 3957 181 4014 vn.
201 3954 254 4017 sc:
281 3951 382 4024 Meyer
398 3953 429 4004 in
449 3951 588 4009 zaream.
612 3950 665 4022 fuir
682 3945 897 4004 ditectionem·
914 3949 987 4008 istu.
1012 3962 1081 4022 pap.
1097 3945 1149 4001 am
1156 3967 1168 4010 ,-

124 4049 207 4098 notor
233 4041 349 4113 quiden
373 4034 469 4094 Aerem
496 4032 589 4103 Stilo,
616 4034 763 4090 Cornelius
788 4033 916 4104 tynotuar
944 4033 1043 4089 Osann
1067 4033 1166 4088 mcci.

126 4131 191 4184 crte.
210 4143 282 4202 pap.
300 4125 366 4187 1543
400 4121 577 4179 Palaemona
600 4121 637 4176 de
664 4120 693 4176 0.
719 4119 824 4178 Lucilii
847 4123 909 4175 otta
940 4127 969 4174 et
993 4119 1167 4174 carminibus

127 4207 258 4276 (Vr-attat.
269 4207 349 4278 inii)
363 4205 468 4281 papi.
485 4207 577 4266 ποτά).
612 4207 641 4275 5)
656 4204 706 4263 tt.
720 4203 986 4283 pupiitpqaetiii
1018 4203 1167 4283 (inicum.

132 4294 245 4352 tnta
266 4296 311 4362 i5;
329 4295 373 4352 iii.
391 4295 417 4352 7.
510 4349 513 4354 ,
765 4334 768 4340 .
931 4309 935 4320 ·
1120 4298 1145 4310 ’·
