2828 4892
606 281 707 342 ”··
760 285 811 362 16
859 322 910 338 -

268 480 371 540 ratus.
414 471 623 624 ffiuamqusm
640 467 685 535 ‘in
712 464 852 554 (luejum
881 465 983 537 etiam
1001 475 1037 537 et
1063 466 1215 542 Publium
1238 471 1315 543 ¹Sci.

264 559 386 643 ¹pianes
415 557 424 574 '
452 577 510 638 os,
541 554 657 640 quiin
685 552 846 638 Hispania
874 551 1059 637 perierunt,
1091 555 1190 624 bilem
1221 579 1315 626 suam

269 643 429 722 effudisse
448 651 592 728 poetam,
613 660 657 706 ex
677 640 719 706 iis
742 636 894 706 concludi
916 649 1046 720 potest,
1073 661 1159 726 quae
1179 663 1200 710 e
1222 643 1314 714 Cice·

269 749 350 798 rone
379 727 546 812 excerpsit
572 723 777 810 Augustinus
794 726 845 807 ¹)t
901 723 1059 790 Periclem
1089 729 1212 794 uiolati
1245 751 1313 796 oer-

270 815 358 894 sibus
385 823 418 879 et
448 834 504 878 eos
533 815 590 899 aqi
618 813 654 876 in
682 831 780 876 scerta
808 829 877 874 uon
904 811 982 893 plus
1011 811 1139 892 decuit,
1168 835 1266 900 quam
1285 821 1315 882 si

273 901 415 966 Plautus
434 907 546 966 noster
575 899 729 965 minusca
757 903 816 962 aot
841 895 989 962 Naevius
1013 896 1134 962 Publio
1154 909 1186 966 et
1212 901 1314 966 Cne'o

273 985 433 1070 Scipioni,
453 994 513 1052 aut
539 979 705 1050 Caecilius
728 982 849 1048 Marco
874 979 996 1046 Catoni
1014 985 1220 1051 maledicere.
1263 925 1316 1054 ile

268 1069 389 1138 Plauto
410 1067 458 1138 uil
479 1079 622 1150 constat,
641 1069 742 1136 redeo
763 1068 807 1136 ad
827 1067 997 1134 Naevium.
1037 1068 1122 1136 lllud
1142 1082 1250 1138 autem
1273 1073 1315 1138 sla

268 1156 412 1224 Metellis
442 1155 576 1224 effatum
636 1153 777 1221 uomodo
806 1150 1051 1236 intelligendum
1080 1157 1146 1235 sit,
1173 1177 1194 1224 e
1223 1158 1314 1224 Cice

268 1262 349 1309 rone
362 1244 394 1327 ²)
415 1239 598 1326 colligitur:
650 1261 689 1305 oc
719 1239 851 1306 Verrem
873 1238 985 1304 dicere
1006 1239 1160 1326 ajebant,
1181 1251 1214 1307 te
1229 1243 1314 1326 (Me
1349 1239 1352 1243 ’

269 1326 407 1410 tellum]
436 1347 504 1392 uon
530 1328 626 1414 fato,
658 1333 696 1392 ut
715 1334 842 1390 cotem
870 1345 912 1390 eu
941 1332 1051 1390 oestro
1077 1329 1228 1414 seruilia,
1258 1333 1315 1395 sert

221 1450 227 1459 »
257 1426 376 1497 'apuu
412 1432 475 1477 sua
505 1415 667 1490 censalem
702 1413 840 1502 facturn.
890 1409 979 1478 Dicit
1008 1412 1128 1498 igitur,
1161 1413 1315 1484 Metellos

269 1499 413 1570 fortuna,
437 1519 501 1564 non
523 1499 649 1564 meritis
670 1499 740 1578 suis
762 1493 926 1563 Consules
945 1495 1054 1562 laetos
1076 1519 1161 1564 asse.
1203 1500 1315 1567 Adno-

251 1595 319 1650 tut
340 1595 450 1650 autem
470 1584 515 1650 ad
536 1583 707 1650 Ciceronis
726 1581 835 1648 locum
857 1579 1023 1648 laudatum
1046 1584 1223 1664 Asconius,
1243 1587 1316 1652 Me·

268 1669 393 1750 tellum,
415 1670 565 1755 quamvis
581 1690 644 1736 nec
662 1668 844 1735 consularis
860 1669 990 1747 aetatis,
1010 1687 1074 1734 nec
1091 1681 1224 1755 praetor
1238 1685 1325 1738 ante·

268 1754 404 1836 suisset,
427 1754 603 1822 Consulem
632 1776 708 1822 esse
738 1755 952 1838 designatum.
994 1751 1040 1818 At
1060 1776 1148 1820 antro
1170 1759 1212 1822 ab
1234 1760 1316 1824 urba

269 1841 401 1907 condita
434 1841 677 1924 cxxxxvflt.
715 1840 779 1905 duo
817 1848 942 1905 tantum
977 1837 1103 1906 Metelli
1134 1841 1316 1910 Consulatu

267 1925 371 1994 suncti
401 1938 514 2003 erant3
542 1948 619 1992 nom
649 1928 690 1992 de
718 1924 757 1992 1..
781 1923 927 1990 Caecilio
958 1923 1113 2005 Metello,
1143 1929 1199 2012 qui
1227 1951 1316 1996 anno

269 2012 430 2079 CDLXX.
453 2011 578 2078 Consul
598 2012 708 2080 factus
730 2022 792 2090 est,
814 2009 1223 2095 affirma1·iuihil·potest;
1255 2016 1315 2080 im·

267 2119 321 2164 mo
337 2098 462 2165 Denter
482 2098 586 2164 luisse
606 2099 736 2164 videtur
752 2101 795 2178 ³).
840 2095 914 2169 Qua
934 2097 1019 2160 inse
1041 2118 1143 2164 causa
1161 2099 1233 2177 fuit,
1256 2122 1318 2166 our

268 2185 439 2268 Zumptius
452 2187 486 2268 ⁴)
512 2194 614 2251 totum
635 2205 766 2251 versum
789 2181 916 2248 Naevio
946 2183 1159 2268 abjudicaret
1202 2185 1318 2254 Verba

268 2270 342 2358 ejus
363 2269 450 2337 haec
470 2281 565 2336 suutz
585 2272 692 2358 fuisse
716 2269 838 2335 Naeuii
858 2287 983 2332 umnam
1269 2293 1274 2296 ·

473 2393 549 2471 sato·
563 2395 688 2454 Metelli
707 2377 830 2453 Romae
849 2391 931 2469 fiunt
951 2392 1106 2452 Consules

267 2505 373 2577 tradit
381 2507 554 2580 Asconius,
571 2509 625 2572 cati
637 2508 823 2592 reposuisse
833 2505 986 2570 Metellos
1002 2503 1192 2570 Saturnium
1208 2503 1320 2573 lunc.-

477 2635 591 2694 malnm
614 2634 732 2692 dolant
752 2633 876 2692 Metelli
895 2631 1016 2692 Naevio
1034 2639 1149 2706 poetae

266 2748 440 2832 execratur
460 2745 677 2812 Terentianus
693 2745 837 2810 Maurus
854 2745 896 2809 tle
912 2747 1031 2808 mettis.
1079 2743 1194 2828 Neque
1211 2751 1320 2809 tamen

265 2841 414 2920 poetam,
445 2833 786 2984 siNaeainslssterit,
818 2837 954 2895 ueterem
984 2832 1076 2894 illum
1106 2839 1139 2894 ct
1159 2829 1320 2895 celebrem

271 2918 329 2984 Cn.
346 2919 516 2990 Naevium,
541 2919 618 2988 belli
697 2919 763 2982 niti
783 2919 991 3000 scriptorem,
1012 2917 1119 3003 fuisse
1140 2924 1235 2998 puto,
1259 2919 1319 3002 mni

268 3013 415 3070 mortuus
438 3013 503 3084 est,
538 3005 696 3071 Cicerone
718 3011 855 3068 auclore
872 3005 906 3085 ⁵)
938 3021 1027 3066 anno
1049 3009 1126 3066 ante
1153 3000 1318 3066 Christum

270 3089 396 3170 CCIV,
419 3111 482 3178 quo
504 3099 565 3156 tem
591 3113 648 3160 ore
666 3095 783 3180 fuerat
804 3087 930 3176 quidem
951 3107 1035 3152 unnts
1054 3087 1210 3151 Metellus
1231 3087 1318 3152 Con·

266 3179 319 3241 sul
340 3197 428 3240 anuo
455 3176 581 3242 CDV.
605 3185 637 3243 et
663 3179 756 3242 illius
781 3183 882 3260 pater
903 3181 962 3239 aut
984 3193 1065 3238 onus
1087 3173 1144 3257 (i)
1166 3175 1319 3260 fortasse

266 3262 370 3328 medio
406 3262 490 3328 lello
528 3265 637 3346 primo
668 3263 817 3336 Pitaium
859 3269 1074 3325 cerumtamen
1108 3259 1319 3326 admirabilis

201 3347 204 3354 ’
264 3350 327 3414 illa
346 3349 499 3436 familiae
522 3348 731 3434 Metellorum
760 3349 909 3436 felicitas
938 3365 1004 3411 uon
1031 3345 1130 3430 ptius
1152 3359 1248 3430 quam
1272 3345 1319 3410 ab

265 3454 354 3500 auno
381 3431 538 3498 CXLIII
556 3443 587 3502 et
607 3432 750 3500 CXLII.
773 3454 804 3498 a.
820 3431 877 3498 Clo.
897 3435 1016 3516 coepit,
1038 3450 1101 3518 quo
1117 3432 1248 3519 narres
1272 3431 1318 3512 Q.

265 3529 298 3586 et
320 3521 359 3585 L.
378 3521 508 3606 Metelli
530 3518 688 3608 Consules
707 3521 797 3608 sacti
817 3527 913 3594 sonitu·
935 3522 1027 3583 immo
1047 3535 1125 3583 uero
1145 3536 1212 3597 non
1235 3537 1319 3582 exa·

262 3607 367 3692 yllari
386 3607 498 3689 poturit
517 3608 583 3670 nisi
605 3606 830 3671 Gracolorum
853 3612 972 3683 aetate,
997 3625 1067 3668 ctam
1087 3603 1221 3666 illorum
1238 3604 1320 3690 fra·
1404 3683 1405 3688 ἵ

266 3699 352 3755 trum
373 3695 510 3758 atterius
532 3701 686 3778 qutatuor,
709 3694 849 3757 alterius
867 3691 934 3756 duo
953 3690 1018 3776 lilii
1037 3707 1145 3754 omnes
1160 3689 1322 3772 deinceps

266 3785 403 3841 summos
419 3780 469 3872 'in
498 3777 670 3866 reptablica
706 3778 846 3846 lunares
877 3775 1162 3844 nanoscebnntur.
1218 3774 1323 3840 intra

263 3961 469 3982 —un-q—-n-

268 4089 271 4096 ·
333 4059 643 4142 unumunurn
669 4071 711 4132 rs.
763 4074 795 4148 a)
812 4077 844 4130 a
868 4043 946 4150 aar.
972 4071 993 4128 ι.
1022 4072 1061 4128 ιο.
1085 4071 1129 4142 on.
1159 4069 1213 4156 ‚u
1237 4066 1324 4126 nne

262 4174 353 4216 marm
382 4153 549 4238 Gascltcltta
572 4155 674 4238 Rom's
697 4156 732 4215 ll.
752 4176 827 4234 pay.
854 4158 894 4214 i&
962 4161 993 4228 l)
1018 4159 1059 4224 aa
1085 4155 1174 4212 Cicer.
1206 4153 1325 4226 Varia.

257 4259 331 4317 paq.
347 4241 391 4298 tu
440 4243 472 4310 5)
490 4235 576 4310 Brut.
595 4237 636 4296 lli.
1191 4285 1195 4290 .
