2828 4892
623 292 872 368 ...42-

318 480 522 548 Hermannue
544 477 682 562 primum
704 485 829 542 tanturn
849 493 981 540 versam
1001 473 1143 558 exhibet,
1169 474 1279 559 Span-

235 569 432 654 genbergius
453 563 567 632 ultima
586 563 691 649 primo
713 559 789 629 loco
811 561 903 647 ponit
924 561 988 626 ite:

404 681 474 741 ubei
496 680 580 739 toras
603 695 673 738 oum
696 695 771 738 auro
794 677 858 736 illic
879 675 1001 735 exibant

406 855 520 910 sectam
542 853 714 926 sequuntur
735 848 823 908 multi
843 846 988 906 mortales
1014 887 1052 904 ..
1077 888 1084 905 .
1109 888 1116 902 .

402 937 509 996 multei
531 935 600 994 eliei
622 953 658 994 ex
679 933 775 1010 Troje
796 933 914 992 streuui
934 932 989 989 viri
1012 973 1019 988 .
1042 975 1051 992 .
1077 972 1085 988 .
1109 974 1116 987 .

235 1039 424 1110 Schnettius
444 1039 610 1106 nonnuliis
629 1039 763 1124 mutatis
782 1038 845 1103 hos
865 1035 962 1102 effert
984 1054 1116 1100 versus:

407 1174 512 1216 eorum
535 1157 650 1214 sectam
673 1153 760 1214 multi
781 1151 925 1211 mortales
948 1155 1117 1226 sequuntur

404 1235 585 1318 muiti(que)
607 1239 658 1299 alii
681 1237 812 1298 Troiade
833 1238 949 1296 strenui
971 1239 1027 1296 riri
1049 1281 1057 1295 .

406 1369 414 1385 .
439 1370 447 1389 .
469 1326 523 1387 ubi
543 1326 627 1386 foras
650 1341 817 1386 cumauro
841 1323 904 1383 illio
927 1323 1055 1382 exibent

745 1489 777 1556 7.

279 1695 286 1710 ·
323 1606 512 1676 Priscianus
527 1612 580 1690 ¹)=
606 1607 753 1677 Naevius
775 1610 810 1674 in
831 1606 940 1675 eodem
962 1605 998 1690 (i.
1017 1625 1046 1671 e.
1069 1600 1146 1670 belli
1164 1599 1282 1667 Punici

261 1714 342 1760 nmo
370 1716 380 1759 ε

238 1715 261 1779 p
342 1699 358 1776 )
409 1807 445 1870 ei
465 1810 603 1870 venitin
625 1812 754 1872 mentem
777 1810 937 1871 homonum
956 1803 1110 1884 fortunae.

237 1913 287 1978 ita
308 1913 445 2001 scripsi,
476 1933 672 1999 quamquem
694 1913 784 1999 apud
804 1910 1007 1979 priscianum
1028 1908 1157 1994 legetur
1185 1907 1284 1973 iomi-

238 2002 369 2080 uom2).
420 1998 609 2065 Schuettius
640 2019 771 2067 versum
799 1999 917 2065 omisit.
960 1997 1035 2082 ipse
1056 2006 1165 2060 eutem
1186 1993 1285 2060 locus

239 2084 397 2170 exemplis
426 2085 565 2150 addatur
591 2086 726 2170 genitivi
754 2105 774 2150 e
804 2084 915 2153 verbis
946 2085 982 2148 in
1013 2089 1143 2148 mentem
1171 2082 1284 2147 ventre
1398 2079 1399 2098 ¹

240 2173 468 2258 pendanum).
508 2171 714 2254 Kreusius4)
736 2170 860 2238 hiatum
881 2171 989 2236 vitans

411 2287 438 2345 ei
460 2288 544 2345 venit
565 2289 598 2346 in
619 2289 752 2345 mentem
773 2288 913 2346 fortunas
935 2286 1109 2345 homonum.

324 2390 438 2456 Verba
458 2409 534 2454 esse
555 2389 705 2454 videntur
726 2388 893 2474 delapsis
915 2392 1131 2478 Trojauorum
1152 2388 1283 2472 opibus,

241 2493 446 2562 quaequam
467 2485 565 2540 antea
593 2473 782 2555 floruerint,
810 2475 965 2555 Aeneas,
998 2496 1040 2541 ex
1061 2477 1140 2539 urbe
1172 2475 1284 2556 patria

239 2559 418 2714 Erasmus,
447 2579 561 2626 seeum
593 2570 725 2645 reputat
740 2566 782 2642 ⁵).
826 2561 911 2628 Nem
944 2562 986 2628 de
1014 2559 1144 2626 Panthu
1173 2557 1284 2643 Virgi-

266 2667 328 2712 eno
350 2647 477 2797 nztrtiae
492 2645 718 2714 calamitatem·
734 2659 884 2735 gemente
896 2649 929 2734 ⁶)
955 2648 1103 2732 cogitare
1123 2645 1287 2714 audacius

241 2753 318 2799 esse
344 2754 378 2798 vr
400 2751 481 2797 eur.

752 2850 784 2919 8.

327 2969 463 3038 Servius
475 2972 532 3054 ⁷.):
565 2970 694 3038 Nonam
714 2979 821 3039 tamen
848 2991 916 3039 rem
939 2970 1088 3037 Naeuius
1109 2970 1195 3038 hello
1218 2970 1286 3036 Pu-

242 3059 317 3121 nico
339 3059 439 3135 dicit,
466 3077 564 3124 unane
584 3078 698 3126 nauem
720 3059 870 3126 habuisse
891 3060 1046 3142 Aeaeo,
1074 3079 1171 3144 qoam
1192 3057 1286 3123 Mer·

243 3144 355 3208 aerim
373 3143 505 3229 feeerit.

327 3249 408 3318 Sine
429 3252 526 3319 dubio
549 3249 637 3319 hano
666 3251 814 3320 fabulam
844 3254 888 3318 eb
916 3253 958 3318 iis
978 3253 1087 3337 poetis
1107 3255 1160 3320 vel
1182 3273 1224 3320 ex
1245 3275 1288 3320 ea

243 3335 357 3408 sabula
392 3339 568 3417 desumit,
602 3358 668 3426 que
698 3338 791 3424 Argo
830 3340 926 3405 etiem
959 3339 1129 3405 Minervae
1160 3342 1286 3406 artibus

243 3423 417 3492 aedificata
437 3424 554 3492 dieitur
569 3425 612 3510 8).
654 3422 769 3509 Longe
798 3425 937 3510 repetita
968 3445 1075 3510 neque
1097 3439 1187 3492 reete
1209 3447 1286 3492 oon-

247 3511 342 3578 clusa
363 3531 405 3577 ea
425 3522 521 3592 sunt,
550 3530 636 3596 quae
668 3511 710 3576 de
740 3511 903 3578 Mercurio
925 3510 1114 3580 Schuettius
1146 3513 1287 3578 disserit.

244 3597 371 3663 Navem
401 3599 488 3664 enim
515 3597 651 3663 Aeneae
678 3617 699 3663 e
728 3599 834 3664 meris
864 3597 984 3663 montis
1012 3597 1089 3663 ldae
1116 3601 1288 3664 arboribus

245 3681 370 3750 saetam
391 3704 484 3769 esse,
514 3684 549 3748 in
571 3682 689 3769 quibus
709 3681 884 3769 Nymphae
904 3683 1005 3749 vitem
1027 3686 1167 3770 egerint3
1202 3685 1289 3752 Mer·

315 3927 345 4000 1)
362 3923 409 3984 vr.
429 3927 452 3984 ι.
464 3942 537 4000 pay.
553 3924 612 3984 aar.
627 3924 672 3984 aa.
687 3913 786 3986 meur.
819 3929 851 4002 a)
868 3923 1024 4002 meana
1039 3925 1093 3986 ιι.
1108 3937 1137 3986 ιι
1153 3930 1173 3986 1.
1184 3931 1224 3990 rr.
1259 3931 1290 4000 a)

248 4011 415 4069 nannum
434 4008 484 4066 Gr.
502 4009 568 4066 Luc.
584 4029 653 4087 paq.
671 4011 729 4067 331.
748 4019 807 4069 not.
820 4014 856 4078 23
873 4013 1079 4074 Drakenborch
1096 4013 1137 4072 ad
1153 4014 1214 4073 teo.
1229 4015 1291 4071 γ11.

247 4097 274 4151 5.
294 4097 333 4153 10.
387 4093 731 4168 4)1.1.ῃ>αῃ.138.ηοϊ.
785 4102 814 4169 5)
835 4099 910 4173 γίνῃ.
923 4097 992 4156 Aen.
1010 4100 1043 4154 11.
1058 4101 1118 4156 81111.
1169 4102 1198 4170 o)
1216 4101 1290 4176 γίνῃ.

249 4178 318 4321 aeia.
336 4179 445 4320 'iiam
480 4179 571 4250 7)αά
593 4179 669 4257 γίνῃ.
688 4183 757 4240 Aen.
776 4184 795 4239 1.
816 4185 873 4242 170.
907 4183 937 4254 Β)
957 4183 1080 4241 Pindar.
1100 4185 1188 4258 Pyra.
1205 4185 1292 4242 1185.

291 4283 318 4336 ῃ.
381 4281 452 4322 aem
