2828 4892
516 318 766 394 ...43-

120 502 246 568 curium
268 509 378 567 autem
399 519 473 565 cum
488 497 609 566 Silenis
623 498 849 586 Nympharum
870 511 1068 608 sectatorem
1085 499 1162 584 (lici,

119 598 158 653 ut
178 587 274 654 navis
296 607 339 652 ex
362 585 467 652 sacris
487 583 542 651 his
571 587 745 652 arboribus
775 597 940 652 excuncta
966 585 1164 654 inviolabilis

119 683 156 739 et
177 683 309 740 aeterna
329 671 382 738 sit.
425 670 492 736 Sed
514 671 591 757 quid
612 682 681 738 tum
702 672 867 740 Mercurio
881 672 999 756 *opus‘l
1019 673 1165 739 Aeterna

120 760 220 825 etiam
243 759 332 844 Argo
354 755 574 824 oDodonaea
595 778 716 843 quercu
736 757 836 824 fecta.
881 757 952 824 Nec
965 758 1165 826 Mercurium

119 844 348 930 Nympharum
370 852 549 910 amatorem
571 845 642 909 scio
666 846 772 930 magis
793 844 897 909 fuisse
917 865 1015 928 qnam
1035 855 1164 910 ceteros

121 929 227 1010 Deos,
244 930 391 1014 exceptis
405 929 528 995 Faunis
549 929 742 1014 Silenisque.
776 929 954 995 Praeterea
967 931 1065 996 etiam
1079 940 1164 996 cete-

121 1037 183 1082 rae
197 1017 331 1083 Aeneae
357 1035 462 1081 naves
481 1035 523 1080 ex
537 1016 711 1082 arboribus
725 1017 831 1081 ldaeis
857 1026 1044 1083 exstructae
1065 1027 1166 1099 erant,

123 1123 208 1186 quas
242 1114 351 1168 tamen
382 1122 448 1166 non
469 1100 676 1168 inviolabiles
696 1111 729 1167 et
751 1113 904 1169 aeternas
924 1099 1029 1167 fuisse
1058 1101 1167 1186 ipsum

122 1187 214 1272 issnd,
239 1189 326 1276 quod
355 1205 536 1274 perpessae
556 1199 641 1274 sunt,
663 1186 870 1275 naufragium
891 1186 1080 1256 declaravit

631 1342 663 1408 9.

208 1459 398 1553 Priscianus
411 1467 465 1543 Ξ).
494 1464 603 1528 incerti
623 1481 749 1528 marom
765 1480 834 1546 pro
854 1463 1011 1541 mauram,
1042 1464 1099 1548 qui
1119 1470 1167 1528 ta-

125 1565 196 1612 mea
217 1548 252 1612 ia
274 1567 357 1612 raro
378 1556 426 1613 est
446 1569 508 1614 usu
524 1551 708 1637 pentacos,
737 1547 831 1633 apud
855 1549 1017 1614 Naeuium
1037 1550 1073 1614 io
1094 1567 1167 1616 oar·

124 1634 208 1700 uoce
228 1633 305 1702 belli
329 1633 449 1700 Punici

296 1763 395 1820 secer
416 1759 520 1837 [retus
537 1760 656 1836 pietate
679 1755 769 1819 deum
793 1757 949 1819 allocutus
969 1759 1082 1820 crimme·

297 1839 397 1905 deti‘m
418 1847 506 1924 regie
523 1845 658 1922 fratrem
679 1844 856 1920 Neptunum
877 1848 1074 1922 rapaciorem

297 1933 426 1992 mortim.

125 2032 207 2100 Sine
228 2035 347 2101 idonea
369 2053 473 2100 causa
493 2033 587 2100 deum
603 2032 793 2100 Schuettius
816 2051 836 2097 e
858 2030 964 2116 primo
985 2052 1087 2099 versu
1107 2034 1171 2123 eje·

126 2120 185 2200 cit,
208 2141 291 2207 quae
312 2141 380 2185 vox
403 2141 476 2185 cum
497 2119 680 2207 insequenti
699 2117 831 2203 penitus
853 2114 1023 2183 coalescit.

213 2230 358 2309 Nescio,
388 2250 446 2296 cur
468 2229 512 2296 ad
541 2229 627 2294 tertii
647 2226 723 2293 libri
752 2226 947 2313 principium
968 2226 1031 2293 lros
1054 2249 1172 2297 versus

125 2313 327 2398 relegaverit
348 2314 648 2400 spangenbergius.
691 2314 777 2380 Nam
798 2333 862 2380 nec
885 2322 1008 2380 eertum
1029 2313 1104 2382 libri
1124 2319 1172 2383 in·

126 2401 250 2466 dicium
285 2401 374 2484 apud
405 2399 608 2468 Priscianum
639 2396 741 2466 ullum
776 2407 845 2478 est,
882 2417 947 2466 nec
976 2401 1083 2486 pietas
1107 2403 1174 2471 ille

124 2484 235 2554 Deum
257 2483 399 2552 Duilium
431 2505 538 2572 aeque
567 2485 685 2584 (iecere
715 2485 844 2551 videtur
874 2495 975 2570 atque
994 2485 1174 2572 Anchisen,

126 2591 194 2636 nec
215 2591 328 2636 senem
351 2572 423 2657 jam
450 2582 519 2637 tum
539 2571 681 2636 Duilium
713 2570 818 2638 fuisse
847 2566 935 2635 nllus
962 2590 1071 2640 rerum
1093 2575 1174 2642 scri·

127 2667 207 2745 ptor
228 2657 429 2723 memoravit
473 2656 510 2724 st
532 2654 843 2722 verisimilitudinem
865 2656 959 2741 sequi
979 2653 1068 2739 lieet,
1088 2658 1175 2728 haee

128 2743 175 2808 ad
196 2742 362 2808 Anchisen
383 2740 460 2807 vela
482 2741 682 2825 solventem,
702 2743 813 2826 itaque
835 2741 878 2808 ad
900 2743 1038 2826 primum
1060 2747 1175 2812 oanni·

128 2829 185 2896 nis
205 2826 322 2894 librum
354 2830 517 2912 pertinere
538 2827 686 2896 arbitror.
729 2827 814 2891 Nam
842 2828 931 2912 apud
952 2825 1125 2915 Virgilium
1140 2833 1176 2920 Β.)

129 2935 262 3066 ἒηὲῳιο
282 2913 448 2980 Anchises
475 2912 553 2982 fatis
580 2912 658 2982 vela
689 2913 770 2980 dare
785 2913 890 3002 jubet
932 2911 1029 2984 Facit
1048 2937 1177 2986 mecum

160 3001 331 3068 cnettius.
1102 2999 1105 3006 '

630 3117 681 3184 10.

219 3238 355 3306 Servius
371 3240 422 3323 ⁸):
444 3247 477 3304 et
497 3247 584 3305 totus
604 3237 656 3304 lu’c
677 3241 769 3305 locus
788 3237 849 3326 (de
868 3237 985 3306 Aenea
1004 3251 1083 3326 post
1105 3261 1179 3306 ces·

132 3335 248 3392 santes
275 3335 486 3409 tempestates
513 3325 624 3392 socios
652 3325 862 3407 consolante)
893 3325 935 3392 de
958 3325 1080 3394 Naeuii
1102 3326 1179 3392 belli

138 3411 259 3478 ibunici
280 3411 365 3477 libro
387 3413 568 3478 translatos
587 3419 644 3477 est.

222 3522 357 3588 Praeter
378 3521 462 3588 haec
483 3543 524 3588 ea
545 3524 659 3595 etiam,
683 3540 768 3608 quae
789 3526 989 3606 sequuntur,
1009 3515 1180 3605 Virgilium

134 3630 156 3677 e
177 3609 296 3678 Naevii
316 3609 460 3677 carmine
484 3609 685 3676 desumsisse
705 3618 853 3674 testatur.

633 3762 684 3828 11.

222 3879 415 3949 Macrobius
430 3882 486 3966 ⁴):
517 3889 592 3950 utut
620 3882 681 3948 olii
704 3881 769 3946 loci
785 3879 1002 3966 plurimorum
1021 3900 1180 3962 warum,
1292 3895 1294 3903 ⁴

135 4041 345 4058 m

209 4126 665 4201 1>v11.1o.pap.st:t.1coh1.
716 4127 746 4194 l)
765 4125 831 4180 Aac.
850 4125 901 4181 lll.1
911 4126 938 4182 u·
988 4125 1018 4192 3)
1041 4125 1082 4179 ad
1107 4123 1181 4200 γίνῃ.

138 4215 210 4270 Aen.
229 4211 250 4268 1.
272 4213 339 4279 1⁰8,
364 4211 443 4283 salso
470 4209 581 4289 Spano.
601 4209 854 4269 concurreretur.
907 4215 938 4286 4)
958 4211 1076 4269 Sutura.
1095 4209 1139 4265 Vl.
1157 4213 1182 4266 2.

136 4317 210 4374 paq,
230 4298 286 4354 170.
306 4296 349 4353 ed.
370 4297 505 4372 Ripaei.-
