2776 4892
609 357 660 376 -ι-
698 317 786 391 ·108
838 358 883 374 -

227 501 289 564 tuit
296 503 314 578 ,'
336 500 459 588 rejecto
488 509 610 564 temere
638 517 752 564 eorum
781 501 960 578 sententia,
992 499 1047 584 qui
1074 498 1172 566 aliter
1200 523 1277 568 seu-

227 587 319 650 tiuut.
363 587 407 650 At
429 605 509 650 vero
539 605 636 670 quam
658 605 777 650 manca
807 595 840 649 et
861 584 978 651 debilis
1000 585 1126 652 Osauul
1150 599 1202 654 est
1223 612 1279 658 ar.

229 670 447 756 gumentatio!
494 671 635 736 Noniani
664 672 750 736 cuim
782 669 856 736 libri
873 677 904 752 ι)
934 673 980 736 ita
1007 671 1198 760 Lycurgum
1229 679 1278 743 ci-

226 741 320 822 tanti
354 757 503 822 Necatus
526 758 678 844 Lycurgo
701 757 785 822 libro
805 757 872 835 Il,
901 760 987 822 unde
1010 758 1165 830 Osaunus
1195 784 1279 828 con-

227 841 342 922 cludit,
364 845 515 908 carminis
536 843 681 930 Lycurgi
704 843 815 927 plures
836 843 940 910 fuisse
961 843 1075 927 libros,
1099 858 1136 912 ut
1157 849 1279 916 Eroto-

226 931 391 1012 paegnion
413 929 535 994 Laevii.
556 957 559 964 ·
580 931 648 998 Sed
670 929 924 1004 Andromachae
941 952 1086 1028 vquoque
1107 932 1278 1018 fragmen·

226 1027 293 1080 tum
308 1020 343 1099 ²)
366 1015 577 1082 a'Prisciano
600 1017 645 1082 ita
666 1015 845 1101 allegatur:
886 1017 1033 1083 Noecins
1053 1023 1089 1084 ia
1117 1023 1178 1088 lll.
1207 1029 1277 1093 He-

228 1110 320 1166 ctore
336 1103 586 1187 proficiscente,
615 1105 721 1182 unde,
750 1105 779 1168 si
801 1105 864 1170 sibi
886 1117 1041 1174 constare
1062 1109 1143 1182 velit¹
1162 1113 1278 1181 Osan-

225 1209 309 1267 uuS,
342 1209 448 1273 aeque
471 1188 730 1254 concludendum
763 1190 792 1256 ei
815 1203 885 1269 est,
913 1191 979 1256 hoc
1007 1214 1137 1279 quoque
1158 1200 1278 1265 Laevii

135 1337 140 1342 .
225 1271 330 1340 fuisse
368 1295 499 1349 carmen
515 1278 558 1365 ⁸).
612 1277 680 1348 Sed
711 1277 752 1347 de
782 1276 914 1362 haere
944 1301 1022 1342 mox
1051 1281 1153 1368 plura.
1208 1287 1277 1353 Co-

225 1361 407 1438 moedlam,
441 1361 604 1426 Graecam
625 1363 868 1428 Anaxaudridis
897 1368 1124 1448 cognominem
1146 1373 1277 1438 imitan-

223 1459 309 1518 tem,
341 1456 526 1528 agnoscunt
555 1448 807 1534 Duentzerus4)
836 1461 887 1527 et,
925 1453 979 1537 qui
1008 1455 1051 1518 ab
1082 1477 1122 1520 eo
1151 1458 1219 1525 hac
1239 1463 1276 1525 iu
1377 1457 1378 1460 '

225 1553 263 1597 re
293 1532 452 1616 pendent,
491 1533 681 1616 oretliuse)
721 1547 754 1600 et
781 1537 978 1602 Welokerus
993 1541 1035 1620 ⁶).
1088 1527 1275 1611 Vehemen-

225 1631 277 1682 ter
298 1624 418 1698 miror,
440 1621 472 1683 in
495 1641 532 1684 re
554 1623 798 1706 expeditissima
820 1633 885 1688 tem
908 1626 962 1688 diu
983 1629 1086 1691 errari
1110 1635 1273 1715 potuisse.
1377 1661 1378 1680 1

222 1703 364 1769 Duobus
400 1707 529 1790 quidem
557 1709 646 1792 apud
676 1706 880 1775 Athenaeum
898 1711 932 1796 ⁷)
961 1709 1045 1777 locis
1067 1714 1274 1792 Arraxandri-

223 1791 277 1854 dls
298 1790 443 1875 Lycurgi
465 1793 586 1858 mentio
608 1793 662 1870 fin
686 1793 795 1862 nullus
822 1808 929 1862 tamen
954 1801 1100 1865 comicus
1123 1805 1218 1869 color
1239 1809 1276 1872 iu

224 1875 342 1942 Naevii
364 1877 516 1962 Lycurgo
538 1891 609 1959 est,
639 1883 698 1945 sed
721 1883 882 1969 tragicum
906 1883 1049 1949 colorem
1072 1892 1276 1958 omniafere

223 1961 413 2051 fragmenta
442 1967 537 2048 quasi
564 1967 707 2032 inustum
736 1980 860 2054 gerunt.
907 1971 1001 2044 Quae
1032 1976 1118 2038 enim
1148 1979 1190 2042 de
1221 1981 1274 2044 Si-

222 2047 298 2114 leno
320 2049 506 2135 Lycurgum
535 2052 726 2136 increpante
756 2057 842 2138 apud
864 2057 1085 2123 Duentzerum
1107 2061 1271 2146 leguntur,

221 2146 410 2200 catamare
433 2137 465 2200 iu
489 2137 676 2224 Lycurgum
707 2139 816 2219 illata,
842 2153 882 2206 et
911 2145 1066 2228 quael-,de
1098 2161 1198 2240 capta
1220 2153 1272 2217 Si·

221 2218 301 2286 ·leuo
323 2223 521 2303 afferuntur,
554 2246 594 2289 ea
618 2227 704 2290 omni
726 2239 920 2314 argumento
943 2241 1064 2296 carent.
1090 2263 1096 2272 ¹·
1108 2237 1272 2324 Aeschyli

222 2305 410 2392 Lycurgum
434 2311 506 2374 sive
527 2312 636 2393 potius
658 2313 859 2415 Lycurgiam
881 2316 1023 2382 imitatus
1054 2330 1105 2385 est
1122 2324 1270 2390 Naevius

221 2393 289 2470 ita,
318 2406 353 2456 ut
382 2394 483 2460 multa
515 2417 557 2458 ex
587 2397 751 2479 Enriprdis
780 2399 921 2466 Bacchis
950 2419 1109 2486 sumeret,
1140 2411 1204 2475 uisi
1234 2425 1269 2476 et

220 2477 294 2560 ipse
316 2478 487 2562 Euripides
520 2479 711 2566 Aeschylea
740 2483 879 2567 plurima
912 2491 1089 2558 suffuratus
1110 2505 1169 2559 est.
1214 2498 1268 2563 Ne

221 2563 439 2647 praeripiam,
463 2586 547 2650 quae
568 2567 611 2631 ad
634 2569 708 2653 ipsa
729 2571 914 2656 fragmenta
935 2581 1124 2646 annotanda
1144 2582 1268 2666 habeo,

220 2647 376 2728 lectores,
399 2651 428 2714 si
452 2653 506 2734 qni
529 2665 640 2742 eruut,
663 2670 800 2740 rogatos
822 2660 918 2740 volo,
941 2674 978 2726 nt
997 2664 1170 2734 Naeviana
1194 2691 1269 2738 oum

219 2733 419 2818 Aeschyleis
442 2749 474 2802 et
488 2739 671 2823 Euripidels
692 2765 817 2808 mecum
835 2769 1029 2831 comparare
1045 2754 1154 2820 velint.
1201 2759 1267 2824 Do·
1328 2801 1333 2814 ·

221 2821 351 2886 lendum
375 2823 504 2908 quidem
534 2839 603 2906 est,
634 2829 675 2892 de
695 2829 856 2916 Aeschyli
888 2835 985 2902 etiam
1006 2839 1172 2926 Lyeurgia
1200 2857 1268 2910 tam

219 2906 322 2974 multa
345 2910 377 2972 in
401 2910 524 2976 incerto
549 2925 581 2978 et
601 2915 744 2982 obscuro
775 2922 885 3001 posita
907 2942 1002 3012 esse3
1033 2929 1093 2990 sed
1116 2935 1267 3014 quamvis

220 3015 329 3077 panca
359 2996 425 3066 sint
454 3008 552 3066 ,extra
585 3001 716 3070 dubium
746 3007 871 3089 posita,
905 3009 1071 3078 sufficiunt
1093 3026 1201 3082 tamen
1224 3022 1267 3083 ad

220 3099 260 3142 ea
283 3079 476 3148 illustranda
498 3096 530 3149 et
552 3091 815 3173 comprobanda,
847 3113 931 3177 qnae
963 3099 1004 3162 de
1027 3099 1181 3186 Lycurgo
1204 3116 1266 3172 tra·

219 3166 340 3247 goedia
361 3169 597 3236 contendimus.
640 3175 797 3242 Veterum
827 3192 935 3247 autem
968 3187 1010 3249 de
1031 3186 1186 3273 Lycurgo
1217 3193 1265 3258 fa-

218 3251 317 3317 balae
343 3253 428 3316 adeo
452 3253 603 3324 diversae
624 3273 700 3327 sunt
715 3265 766 3346 8),
789 3274 844 3344 ut,
879 3289 982 3353 quam·
997 3285 1053 3338 aut
1074 3275 1265 3361 Aeschylus

217 3350 275 3402 aut
295 3339 442 3404 Naevius
463 3345 568 3408 secuti
590 3347 673 3425 siut,
698 3361 788 3414 certo
811 3348 969 3420 affirmari
989 3373 1149 3444 nequeat,
1184 3365 1265 3441 illud

216 3436 345 3504 autem,
383 3447 479 3512 quam
509 3431 549 3494 de
578 3432 730 3518 Lycurgo
762 3458 901 3520 poenam
930 3448 1082 3511 sumserit
1112 3449 1266 3519 Bacchus

216 3510 436 3598 AeschyleuS,
459 3518 590 3582 omnino
613 3520 771 3587 incertum
794 3526 837 3589 sit
851 3527 1101 3618 relinquendum
1120 3539 1162 3620 ⁹).
1203 3541 1263 3604 lta·

217 3617 281 3683 quc
310 3603 459 3694 veniam,
496 3625 616 3698 spero,
653 3605 805 3690 habebit,
839 3617 928 3706 quod
961 3617 993 3690 in
1026 3623 1264 3700 constituendis

216 3759 424 3776 Ἣ

270 3868 299 3941 l)
318 3867 356 3938 cf.
373 3868 482 3945 lrapm.
501 3882 525 3933 9.
579 3880 608 3948 2)
624 3897 697 3954 pay.
715 3881 757 3938 92.
811 3886 848 3952 3)·
859 3885 897 3957 cs.
921 3887 1048 3954 Wclcder
1072 3892 1119 3948 dte
1147 3893 1261 3954 Grdecd.

221 3953 397 4030 lhagocdien
413 3959 480 4042 pap.
505 3964 570 4019 1204
590 3973 618 4021 ei
637 3967 711 4022 1370.
763 3971 793 4035 d)
813 3971 936 4028 ln'Mns.
954 3975 1048 4030 Rhea.
1071 3981 1102 4034 V.
1117 4000 1192 4059 pap.
1210 3985 1261 4048 433

214 4055 273 4109 sqq.
326 4043 355 4109 5)
374 4059 484 4096 accurs.
509 4044 541 4098 ll.
559 4051 600 4104 ad
624 4049 727 4106 Horat.
744 4061 811 4108 ἀνί.
831 4064 937 4129 poetic.
955 4079 1024 4135 paq.
1044 4065 1103 4120 656.
1156 4068 1185 4134 6)
1204 4069 1224 4122 l·
1241 4069 1258 4122 l·

211 4140 281 4197 pop.
302 4127 391 4184 1371).Ι
428 4129 456 4195 7)
482 4128 520 4200 cf.
550 4131 682 4192 Metnete
706 4146 805 4195 comte.
827 4141 928 4200 Graec.
946 4147 1055 4230 srupm.
1075 4149 1094 4204 l.
1109 4171 1180 4229 pap.
1199 4157 1256 4210 371.

214 4213 243 4279 8)
263 4213 383 4284 Zocpu's
401 4213 635 4292 ‘Abhundlunpen
656 4241 726 4298 pap.
743 4227 843 4282 2-1t
858 4249 937 4304 sqq„-
961 4233 1121 4298 Hermann.
1147 4239 1184 4296 de
1204 4241 1256 4296 Aa·

214 4295 306 4368 schyti
321 4297 464 4374 Lycttrpia
477 4319 555 4375 pag.
574 4303 613 4358 17.
665 4309 847 4378 lll‘Welolter
869 4316 993 4392 Trilcplc
1010 4323 1082 4398 phy.
1098 4323 1151 4379 320
1164 4345 1223 4405 appr
