2802 4908
625 317 898 408 ..llll-‚-

531 602 715 700 mirer·
745 604 987 712 tertius.

402 738 505 846 De
534 735 729 872 pods-i
767 737 1116 849 Naav'ian'a.

246 991 251 1008 .
322 943 399 1012 Jem
418 941 596 1030 aggaeum
615 940 690 1012 rem¹
705 944 849 1012 omnium
871 935 1103 1020 difficillimam.
1139 943 1285 1024 Naeuia

237 1053 301 1099 nae
330 1032 416 1099 enim
470 1032 559 1096 adsis
590 1033 674 1098 ratio
698 1033 895 1116 exponenda
917 1043 985 1108 est,
1018 1053 1084 1120 qua
1111 1031 1145 1096 in
1172 1052 1211 1095 re
1242 1033 1285 1096 de

236 1117 385 1204 plurimis
415 1053 514 1195 mitt·
538 1117 580 1180 de
601 1117 711 1182 multis
730 1116 943 1206 conjecturae
964 1128 1108 1196 tantum,
1139 1116 1181 1180 dc
1202 1139 1283 1202 pau-

237 1206 287 1270 eis
309 1215 434 1269 certum
466 1202 632 1286 quoddam
661 1203 773 1274 afferri
796 1215 915 1299 potest
945 1202 1091 1279 'Nullum
1113 1205 1200 1267 enim
1222 1222 1283 1267 no·

236 1293 288 1356 bis
310 1302 497 1375 temporum
516 1289 633 1374 injuria
658 1289 809 1375 reliquit·
823 1309 954 1356 carmen
976 1289 1178 1354 Naeuianum
1200 1291 1285 1354 inte-

236 1397 341 1462 grum.
385 1379 495 1460 Atque
530 1375 567 1441 si·
588 1396 610 1440 e
637 1373 841 1459 fragmentis*
869 1375 951 1442 sol'm
975 1376 1191 1462 judicandum
1221 1388 1287 1458 est,

236 1461 343 1550 qualis
364 1460 441 1546 ipsa
461 1461 574 1544 poesis
594 1460 712 1544 fuerit,
743 1461 850 1547 qualis
872 1472 905 1527 et
926 1467 1203 1547 quantuspoeta,
1226 1463 1284 1528 vix

110 1605 113 1612 .
235 1549 300 1614 diei
333 1558 466 1633 potest,
498 1565 598 1632 quam
627 1549 760 1614 diversa
789 1550 855 1614 sint
882 1548 1087 1617 diversorum
1115 1547 1286 1612 hominnm

125 1659 126 1663 ¹
237 1633 368 1700 'udicia
411 1631 496 1700 Gum
523 1634 610 1699 enim
629 1634 796 1702 Hennicus
826 1633 976 1718 Stieglitn
991 1636 1025 1715 1)
1054 1635 1183 1706 tertiam
1205 1645 1284 1718 post

231 1655 416 1798 ltacuvium
438 1730 471 1786 et
491 1716 616 1788 Attium
636 1719 926 1806 palmemNaevio
948 1722 1145 1804 assignaret,
1168 1732 1285 1806 utpote

234 1805 355 1907 potitae
376 1805 651 1894 ingeniosissimo,
681 1827 785 1892 nuper
807 1805 1006 1887 Theodorus
1025 1805 1140 1894 Bergk
1154 1807 1208 1892 2),
1231 1807 1284 1871 uir

229 1887 355 1980 judicio
376 1911 479 1976 saepe
501 1912 599 1975 quam
621 1891 760 1980 decebat
780 1890 968 1974 fervidiori‚
990 1913 1120 1980 omnem
1140 1891 1282 1958 Naeuia·

233 1999 298 2053 nae
320 1978 433 2063 poe'sis
453 1975 585 2046 laudem
607 1989 755 2044 evertere
777 1991 918 2048 conatus
938 1989 1004 2057 cst,
1021 1979 1068 2043 ita
1089 1991 1210 2060 tamen,
1232 1989 1283 2058 ut,

116 2099 120 2109 ·
234 2065 435 2150 argumentis
456 2083 539 2132 usus
558 2061 675 2143 nullis,
705 2076 859 2150 tanquam
881 2086 901 2130 c
922 2063 1052 2152 tripode
1081 2064 1282 2144 succideret,

235 2151 389 2238 quidquid
412 2145 519 2219 minus
542 2145 697 2234 placeret.
727 2149 935 2220 ‹Cauendum
956 2152 1054 2234 igitur
1075 2163 1137 2222 est.
1167 2172 1211 2215 ne
1233 2153 1281 2216 vi·

233 2248 351 2304 rorum*
368 2237 539 2307 doctorum
569 2236 777 2320 opinionibus
799 2237 863 2306 hac
885 2237 1014 2324 quidem
1035 2239 1069 2302 in
1090 2259 1127 2302 re
1148 2238 1285 2308 nimium

235 2320 412 2401 tribuatur,
435 2342 521 2387 neve
535 2321 662 2410 judicio
685 2334 799 2406 nostro
820 2323 916 2388 nimis
939 2322 1191 2411 indulgeamus,
1220 2323 1286 2396 sed

233 2420 289 2486 aut
319 2409 520 2492 argumentis
556 2429 598 2470 ex
627 2407 869 2472 Naevianorum
908 2409 1086 2480 carminum
1119 2405 1280 2494 reliquiis

232 2504 290 2561 aut
310 2504 458 2560 veterum
489 2494 530 2562 de
552 2489 678 2566 Naevio
707 2499 807 2581 poe'ta
841 2497 1034 2560 testimoniis
1062 2507 1207 2574 utamur,
1240 2507 1280 2568 ut

233 2585 319 2679 quae
340 2579 414 2647 sola
435 2579 517 2646 setis
539 2576 704 2644 luculenta
727 2591 760 2644 et
781 2581 896 2666 gravia
918 2583 993 2654 sint,
1145 2589 1147 2596 '
1280 2580 1283 2588 '

235 2769 240 2776 ,
295 2699 385 2774 ‚Sed
412 2699 480 2769 alia
508 2701 606 2774 etiam
635 2710 688 2765 est
709 2721 784 2779 res,
814 2720 879 2786 qua
904 2699 1062 2789 judicium
1094 2702 1138 2766 de
1165 2713 1282 2772 vetere

229 2781 297 2870 irco
318 2791 419 2871 potita
446 2783 615 2854 ferendum
642 2787 831 2871 impeditum
859 2807 962 2870 saepe
990 2799 1026 2862 et,
1050 2789 1206 2882 injustum
1227 2788 1281 2856 sa*

231 2885 319 2941 ctum
339 2883 401 2958 est
445 2872 540 2946 Quae
570 2873 655 2937 enim
685 2874 726 2936 de
746 2873 838 2938 Attio
861 2885 893 2936 et
918 2874 1071 2952 Pacuvio
1085 2875 1281 2948 Quinctiliaa

229 2981 293 3038 uus
306 2961 344 3043 ³).
361 2969 520 3044 annotet„
546 2961 686 3032 nitorem
703 2967 738 3024 et
758 2979 909 3032 summoue
930 2962 965 3030 in
987 2963 1175 3027 excolendis
1199 2984 1277 3046 ope-

229 3045 321 3111 ribus
348 3061 476 3110 monam
504 3048 608 3132 anapia
635 3045 850 3130 temporibm,
889 3067 984 3132 quom
1002 3045 1095 3130 ‘ipsis
1128 3049 1279 3138 defuisse

228 3133 355 3210 moen,
385 3151 426 3206 ea
456 3133 564 3214 magis
596 3133 694 3196 etiam
722 3134 756 3196 in
777 3132 937 3196 Naevium
958 3134 1095 3220 ejusque
1117 3133 1277 3221 aequales

228 3220 363 3298 cadunt,
385 3226 421 3282 ut
442 3219 655 3282 vetustissimi
677 3219 795 3303 quique
819 3224 937 3302 pn‘e'tac
957 3241 1024 3284 non
1048 3241 1090 3284 ex
1105 3221 1181 3288 aliis
1195 3229 1278 3306 po&-

229 3307 293 3386 ‚tis‚
312 3305 380 3372 'sed
398 3323 440 3370 cx
453 3325 595 3370 suorum
617 3316 800 3396 temporum
820 3304 931 3373 indole
954 3317 986 3372 et
1007 3307 1137 3390 ingenio
1161 3308 1278 3397 dijudi-

227 3393 326 3466 candi
346 3391 421 3458 sint.
466 3390 536 3455 Sed
557 3389 640 3466 haec
661 3392 695 3456 in
709 3411 894 3466 sermonem
911 3403 1035 3465 tantum
1052 3393 1186 3474 eadum,
1210 3419 1277 3482 qne

227 3490 378 3558 utuntur,
408 3487 441 3544 et
475 3477 508 3541 in
538 3487 692 3548 externas
723 3497 788 3546 res.
840 3479 976 3560 iugenio
1008 3479 1093 3547 enim
1124 3493 1278 3568 tempora

226 3568 352 3634 anteire
381 3565 647 3655 debet;optimus
679 3565 816 3652 quisque
845 3569 957 3649 poetar
992 3565 1093 3640 ,Quae
1123 3590 1198 3637 cum
1227 3570 1277 3636 ita

226 3652 311 3734 sint,
340 3672 410 3726 rem
437 3669 543 3716 meam
562 3650 621 3724 ,ita
643 3670 824 3735 exsequar,
846 3661 896 3730 ut„
916 3672 1001 3734 quae
1023 3659 1166 3724 sermoni
1188 3657 1276 3722 Nacs

227 3739 326 3810 ‚viano
349 3757 423 3808 cum
443 3744 551 3812 aetate
571 3735 690 3802 Naevii
716 3740 930 3814 communiat.
950 3757 1035 3826 qnae
1055 3737 1175 3811 Naevii
1197 3763 1276 3828 pro«

227 3824 301 3910 pria
324 3823 408 3900 sint,
437 3843 617 3905 exponam,
653 3833 721 3896 tum
743 3824 784 3915 de
804 3823 1081 3912 ingeniopoetea
1101 3830 1277 3914 disputem,

227 3923 413 4075 ροεῑτοὰηιο,
442 3909 518 3991 qnid
547 3909 581 3982 in
605 3930 735 3995 quoquc
755 3913 943 3982 carminum.
958 3930 1079 3996 genere
1100 3915 1276 4001 praestito«

225 3997 286 4075 rit,
309 4018 329 4064 e
352 4015 479 4068 coeam.
657 4023 679 4070 ,·
828 4043 831 4046 -
943 4056 947 4064 .

225 4155 433 4174 W

296 4242 322 4308 1)
340 4241 376 4295 de
395 4241 503 4296 Paean.
523 4240 668 4296 Dulorest.
686 4260 755 4316 pop.
776 4247 816 4300 13.
869 4249 899 4316 t)
918 4249 949 4299 in
968 4207 1139 4317 zeitschrift
1157 4247 1210 4318 fiir
1228 4249 1278 4304 At-

225 4324 397 4382 tertdumrw.
420 4333 492 4384 1842.
517 4344 586 4401 pap.
605 4333 654 4384 190
667 4347 725 4402 sqq.
779 4331 811 4402 8)
830 4329 922 4387 instit.
942 4339 1015 4389 orat.
1035 4333 1069 4389 Χ.
1089 4341 1114 4393 1.
1130 4339 1173 4392 97.
