2776 4892
500 294 754 384 ..37-

106 476 200 555 velit,
221 475 277 542 vix
299 473 463 558 expiscari
485 474 625 559 possis.¹
649 471 774 558 Cypria
801 474 890 554 apim
916 478 1061 544 amoma
1082 496 1139 560 nc·

104 565 225 642 vimus,
246 561 416 626 notissima
439 557 536 636 Iliast
565 559 625 626 sed
647 558 841 644 Cypriorum
863 571 897 626 et
916 560 1028 630 Iliadis
1050 584 1136 632 com·

102 649 231 734 positio,
252 668 325 712 curn
346 647 419 730 ipsa
432 643 513 710 Ilias
528 666 589 710 nec
605 646 689 710 inter
704 645 827 732 Cypria
847 645 1019 714 reserenda
1039 650 1082 716 sit
1092 653 1137 732 1),

100 754 204 820 neque
232 734 356 804 arctius
384 752 458 796 oum
479 731 520 796 iis
547 728 732 812 cohaeserit
744 737 797 816 ²),
828 735 972 799 absurda
994 733 1064 800 fere
1086 746 1138 802 est

100 841 206 905 neque
233 817 300 884 ullo
330 818 491 884 invenitur
517 813 592 884 loco
623 816 742 901 ali03).
784 820 871 885 Inde,
894 832 1050 905 apparet,
1072 820 1136 906 Cy·

99 909 202 992 priam
217 905 332 976 Laevii
348 903 484 980 Iliadem
505 923 571 970 uon
592 903 678 973 idem
700 925 773 971 cnm
789 905 988 978 Graecorum
1006 906 1138 991 Cypriis

99 1004 260 1066 tractasse
290 1001 524 1074 argumentum.
549 989 681 1073 *ltaque
702 989 769 1056 alia
791 1001 842 1056 est
871 992 927 1058 via
948 991 1135 1076 circumspi-

99 1079 233 1160 cienda,
263 1097 329 1161 qua
357 1097 377 1140 e
405 1075 558 1144 carminis
587 1076 717 1147 nomine
746 1077 922 1158 divinetur,
948 1079 1037 1163 quod
1065 1079 1137 1164 ejus

96 1175 321 1248 argumentum
350 1162 455 1228 fuerit.
509 1160 557 1226 Co
584 1162 704 1242 itabant
735 1164 874 1245 primum
906 1163 948 1226 de
977 1163 1136 1246 singulari

96 1252 248 1332 notione,
277 1267 374 1334 quam
403 1248 490 1332 apud
520 1183 664 1314 Salrinos
691 1251 766 1314 voci
793 1247 935 1335 Cyprius
954 1251 1137 1335 subiectam

94 1336 198 1403 fuisse
235 1339 426 1414 constat⁴);
464 1332 606 1420 Cyprius
640 1335 726 1398 enim
754 1334 886 1402 Sabinis
915 1334 1017 1399 bonus
1046 1345 1136 1412 erat3

96 1434 204 1488 tamen
234 1420 346 1485 Laevii
374 1421 472 1484 etiam
504 1432 649 1502 ternpore
676 1419 765 1484 hanc
793 1421 825 1484 in
855 1441 917 1485 usu
948 1419 1136 1507 quotidiano

94 1510 183 1594 apud
204 1507 373 1573 Romanos
400 1518 512 1570 notum
538 1503 642 1570 fuisse
669 1507 764 1571 vocis
790 1506 932 1592 Cyprius
952 1509 1137 1584 :notionem

93 1592 270 1666 verisimile
297 1613 366 1660 non
390 1592 529 1660 uidetur.
581 1590 670 1669 Sed,
699 1602 734 1655 ut
763 1593 872 1660 brevis
901 1595 982 1672 sim,
1013 1593 1137 1677 Cypria

93 1680 174 1749 Ilias
205 1691 253 1744 est
282 1678 363 1744 Ilias
387 1698 407 1742 e
432 1677 625 1742 recensione
649 1677 781 1766 Cypria.
824 1679 1021 1768 Hajnsmodi
1049 1679 1136 1742 enim

92 1765 340 1842 Homericorum
362 1766 539 1834 carminum
562 1764 709 1831 extitisse
729 1767 963 1848 recensionem,
983 1765 1136 1832 traditum

92 1862 145 1920 est
160 1856 203 1938 ⁵).
253 1849 379 1948 Cypria
408 1849 505 1931 igitur
532 1847 612 1912 llins
638 1850 797 1934 inscripta
817 1857 898 1916 'erat
917 1851 997 1916 Ilias
1017 1851 1134 1914 Home-

92 1939 176 2017 rica,
198 1959 295 2023 qnam
316 1936 495 2006 secundum
518 1934 917 2019 recensionemCypriam
937 1937 970 1999 in
986 1935 1136 2000 Latinum

89 2045 274 2092 sermonem
322 2029 529 2092 converterat
575 2018 727 2090 Laevius.
797 2017 894 2100 Quod
934 2021 1081 2104 Largius
1100 2019 1134 2102 6)

90 2109 248 2194 Cypriam
277 2107 412 2180 Iliadem
443 2106 621 2170 carminum
643 2104 837 2188 Cypriorum
865 2106 1049 2170 versionem
1071 2104 1134 2169 La·

88 2196 192 2266 tinam
215 2194 305 2271 dicit,
329 2193 382 2256 cui
405 2189 549 2276 Cypriae
570 2209 687 2256 nomen
708 2189 850 2261 Laevius
874 2189 1135 2277 praescripserit,

87 2303 134 2346 ne
151 2300 224 2344 cnm
239 2278 343 2346 Iliade
357 2277 534 2346 Homerica
555 2274 818 2352 confunderetur,
834 2296 956 2346 merum
973 2295 1134 2340 commen-

86 2378 161 2438 tum
179 2377 241 2442 est,
265 2365 483 2442 excogitatum
500 2361 543 2426 ad
564 2360 790 2440 stabiliendam
808 2361 926 2445 Langii
948 2361 989 2426 de
1004 2360 1135 2461 Cypriis

87 2451 296 2519 sententiam.
337 2446 423 2521 Nam
445 2445 567 2534 Cypria
594 2467 662 2511 non
691 2447 832 2512 vertisse
856 2445 1030 2526 Laeuium,
1057 2445 1135 2510 rnde

87 2547 249 2622 apparet,
279 2532 366 2618 quod
395 2534 502 2615 ipsum
530 2530 599 2595 hoc
626 2553 770 2612 carmen,
799 2532 927 2598 duobus
948 2531 1033 2597 locis
1055 2532 1134 2596 cita·

87 2635 177 2699 tum,
206 2620 357 2702 alternl)
384 2615 633 2704 Cyprianus,
666 2617 816 2698 alter0⁸)
849 2617 929 2683 llius
950 2616 1057 2682 solum
1077 2636 1134 2680 vo-

88 2720 193 2774 catur.
237 2705 356 2790 Atqui,
385 2706 415 2772 si
437 2702 560 2792 Cypria
582 2703 737 2769 vertisset
765 2705 875 2794 poeta,
898 2725 962 2768 non
987 2700 1135 2782 Iliadem,

88 2795 168 2876 sed,
190 2794 245 2860 ubi
266 2791 410 2858 breviori
432 2789 628 2858 nominanti
650 2788 770 2872 voluit,
800 2789 924 2876 Cypria
946 2788 1056 2854 dicere
1079 2787 1134 2852 de·

87 2881 199 2946 bebat.
262 2878 414 2943 aeterum
443 2885 574 2960 poetam
604 2895 735 2939 carmen
769 2896 863 2942 suum
892 2895 932 2938 ea
960 2875 1001 2939 de
1030 2893 1135 2940 causa

87 2967 134 3034 ita
156 2964 387 3048 inscripsisse,
409 2971 444 3028 ut
465 2961 618 3044 ambigua
639 2961 713 3046 ipsa
734 2972 823 3026 esset
850 2961 1038 3045 inscriptio,
1070 2978 1135 3024 nec

89 3064 182 3118 certo
210 3049 340 3123 affirmo
371 3067 479 3132 neque
506 3047 636 3110 onnrino
666 3067 763 3128 nego.
806 3046 999 3130 Ambiguam
1025 3057 1135 3110 antem

89 3140 157 3204 dixi
191 3128 455 3218 inscriptionem,
488 3134 574 3216 quod
603 3131 727 3220 Cypria
754 3129 833 3204 Ilias
856 3144 888 3197 et
910 3134 1135 3208 recensionem

88 3225 248 3310 Cypriam
281 3221 427 3285 indicare
455 3229 490 3282 et
520 3217 633 3286 Laevii
662 3217 799 3294 Iliadem
821 3213 985 3304 ¹tanquam
1016 3220 1135 3282 bonam

88 3313 161 3376 rudi
191 3328 360 3396 opponere
388 3315 518 3390 poterat
549 3305 722 3390 Odysseae
753 3302 836 3372 Livii
867 3316 922 3368 aut
951 3301 1011 3369 Cn.
1041 3301 1136 3368 Matii

87 3397 187 3476 Iliadi
202 3397 252 3479 ⁹),
282 3391 379 3460 sicuti
415 3392 512 3464 etiam
541 3392 664 3464 Ennius
692 3411 773 3457 suns
801 3411 924 3464 versus¹
945 3386 1135 3468 Naevianis,

159 3677 190 3748 1)
213 3671 355 3736 Woeltnep
379 3671 415 3724 de
439 3667 518 3739 molo
540 3672 621 3742 epten
639 3685 712 3744 pap·
730 3672 764 3725 67
781 3687 849 3742 app..
893 3669 923 3736 2)
943 3665 1044 3739 dcnya
1066 3666 1135 3720 uber

89 3764 135 3820 dte
161 3760 325 3834 hyllirclren
347 3754 470 3824 Dicltm
487 3754 540 3812 der
559 3754 700 3816 Grteclrcn
710 3773 784 3828 puy.
802 3756 836 3810 :37
854 3760 921 3824 sqq:
964 3751 993 3820 3)
1011 3749 1136 3809 Mueller

91 3849 125 3902 da
150 3846 232 3919 cyclo
259 3843 628 3916 Graecorumrepiaopap.
643 3841 689 3896 80.
740 3836 1134 3908 abrenunciante.

91 3931 110 3988 l.
127 3933 172 3990 48.
190 3934 217 3987 7.
269 3933 301 4000 5)
325 3927 469 3986 Vacunae
495 3924 632 3984 :incedat
661 3923 763 3980 Gracc.
786 3924 819 3980 ll.
832 3941 903 3998 pay.
922 3925 970 3984 183
986 3931 1047 3980 not.
1063 3925 1089 3978 2.
1105 3932 1136 3984 et

88 4034 158 4088 pay.
184 4016 259 4082 2923
290 4013 410 4078 Somno
432 4011 591 4070 Marciana
615 4009 656 4066 ad
682 4008 839 4066 Homerum
859 4027 931 4084 pay.
956 4011 1008 4071 453
1032 4017 1061 4065 ct
1084 4011 1136 4068 tat

98 4100 205 4156 l'r'llntr.
256 4101 286 4170 Ι6)
304 4102 325 4159 Ι.
348 4102 373 4155 l..
394 4117 462 4173 pag.
486 4097 528 4152 tn.
579 4098 608 4164 7)
635 4097 745 4151 Charta.
765 4111 837 4168 pay.
867 4095 915 4150 ll8
933 4093 1052 4152 Puteoli.
1104 4095 1135 4165 8)

99 4185 246 4248 Priscian
258 4204 330 4264 pag.
350 4187 401 4242 881
421 4183 539 4241 Perna
591 4181 620 4250 a>
644 4182 817 4254 chmrdorf
824 4189 904 4255 poet.
922 4181 1017 4238 nana
1033 4186 1136 4241 asinar.

91 4270 136 4325 lV.
150 4289 223 4347 pap.
243 4273 303 4328 tae.
352 4268 469 4330 Parnon.
485 4271 526 4326 ad
542 4269 624 4326 Pers.
643 4268 736 4324 Satin.
756 4268 775 4322 l.
792 4269 834 4324 48.
854 4285 921 4342 pap.
936 4267 996 4322 lid.
