2828 4892
504 298 746 372 ..o-

78 441 81 446 ’
103 477 235 632 {affin
257 472 365 542 ruva
382 473 564 544 nouom
592 473 785 544 ommim
806 475 840 544 a
861 493 903 546 ιο
923 472 1082 548 omum
1100 479 1149 549 m

232 685 294 736 nos
314 669 421 736 sumu'
442 670 595 752 Romani,
615 669 835 758 quitavimus
856 681 934 738 anta
954 671 1087 739 Rudini.

102 781 219 868 Neque
242 800 260 845 e
282 779 370 846 mille
391 794 621 848 sexcentorum
650 779 781 848 illorum
803 781 946 868 equitum
967 779 1151 869 Campano-

102 888 177 932 rum
199 888 334 933 numcro
362 867 442 947 fuit,
473 869 529 952 qui
558 868 689 933 civitate
715 867 864 934 Romana
889 869 1095 954 augebantur
1106 869 1149 972 ²).

102 953 211 1020 Erant
239 953 324 1018 enim
352 951 484 1018 Romae
520 963 618 1036 porta
648 952 706 1019 illa
735 962 768 1017 et
796 972 932 1018 nemora
962 951 1089 1018 Naevia
1117 973 1151 1018 m

102 1037 282 1117 Aventino,
305 1059 389 1124 quae
411 1039 653 1104 inconsiderate
675 1035 866 1120 Blumius³)
888 1047 922 1102 et
942 1037 1150 1120 Krousiuso

102 1144 123 1188 a
148 1134 247 1208 poeta
269 1145 386 1188 nomen
408 1126 550 1190 traxisse
572 1124 731 1189 dixerunt.
775 1123 935 1198 Quamvis
958 1124 1043 1210 enim
1065 1123 1154 1208 apud

101 1207 289 1274 Varronem
302 1213 333 1290 ⁵)
355 1208 502 1292 legatum
534 1212 680 1296 sequitur
698 1217 801 1294 porto
827 1207 995 1290 Noeoic‚'‘'
1009 1209 1097 1296 qnod
1117 1211 1153 1272 in

101 1295 288 1360 nemoribus
321 1295 492 1382 (Naeuius
531 1297 617 1361 enim
651 1299 743 1378 loco,
775 1293 831 1360 ubi
866 1295 934 1376 eo)
969 1296 1017 1358 sic
1050 1295 1152 1374 dicta,

102 1400 191 1468 quae
220 1382 323 1446 verba
352 1381 424 1446 sine
457 1381 555 1447 dubio
589 1391 745 1464 corrupta
774 1379 821 1445 ita
853 1400 928 1445 oum
960 1377 1152 1465 Spengelio,

101 1467 338 1551 praeeuntibus
359 1466 452 1532 libris
481 1468 732 1552 manuscriptis,
762 1465 964 1531 restituenda
990 1465 1151 1530 arbitrorz

101 1555 252 1638 sequitur
277 1559 382 1638 porta
415 1551 566 1633 Naevio,
606 1551 694 1641 qnod
725 1553 761 1616 in
796 1547 980 1616 nemoribus
1015 1549 1153 1616 Naeuiis

101 1638 176 1786 {³⁸⁰⁶
206 1635 281 1724 est)
310 1674 353 1687 -
387 1637 509 1704 Naeuii
529 1640 613 1705 euim
635 1641 729 1718 loca,
749 1636 807 1702 ubi
835 1657 877 1702 ea
897 1670 941 1687 -
961 1637 1010 1700 sic
1041 1635 1152 1701 dicta':

130 1721 229 1788 aulus
258 1733 368 1790 tamen
394 1723 564 1790 Diaconos
579 1727 612 1812 ⁶)
641 1726 675 1792 in
707 1722 767 1801 iis,
799 1741 887 1810 quae
917 1741 938 1787 e
966 1721 1066 1788 Festo
1097 1741 1153 1788 ex·

100 1809 247 1891 carpsit,
278 1809 319 1873 de
350 1807 479 1875 Naevia
509 1808 595 1876 silva
616 1810 662 1876 ita
693 1807 865 1873 disseruit:
907 1804 1040 1874 Naevio
1067 1811 1153 1874 siloa

99 1893 196 1960 dioto
208 1893 313 1982 juata
335 1893 464 1974 urbem,
486 1893 575 1981 quod
600 1895 708 1959 Noeci
732 1893 903 1979 ortjmdom
923 1894 1040 1982 facerit,
1069 1914 1155 1978 quae

100 1981 180 2065 quin
203 1992 294 2044 recte
313 1990 471 2064 excerpta
489 1983 572 2060 sint,
594 1979 703 2045 nullus
726 1979 847 2043 dubito.
887 1977 1045 2052 Quamvis
1068 1980 1155 2043 enim

97 2065 208 2150 ipsius
230 2063 321 2131 Festi
342 2068 446 2130 verba
468 2065 502 2132 in
523 2067 640 2132 codice
661 2065 863 2130 Farnesiano
886 2063 1063 2127 admodum
1085 2085 1153 2128 mu·

98 2149 163 2216 tila
184 2151 267 2229 sint,
299 2153 384 2216 bene
405 2159 513 2216 tamen
541 2161 676 2226 seruata
696 2159 858 2232 apparent
877 2146 982 2211 haec:¹
1078 2156 1154 2228 turn,

98 2237 195 2322 quod
231 2235 341 2301 Naeui
373 2255 415 2300 cu
505 2237 527 2302 i.
562 2255 591 2306 e.
621 2235 693 2300 sine
733 2233 831 2299 dubio
862 2231 1041 2318 cujusdam.
1097 2234 1155 2298 At-

98 2321 214 2406 quisi
236 2319 435 2386 celebratum
463 2319 555 2386 ilium
582 2331 715 2406 poetam
736 2318 896 2383 Naevium
925 2317 1064 2384 dixisset
1091 2317 1153 2384 Fe·

97 2418 196 2483 stus,
219 2427 285 2470 non
306 2426 486 2489 pronomen
507 2406 611 2486 illud,
633 2403 721 2492 quod
743 2405 890 2487 ignotum
911 2402 1073 2488 quendam
1088 2401 1154 2483 *ho-

97 2491 223 2558 minem
254 2491 397 2569 indicat,
420 2492 610 2558 addidisset.
654 2491 707 2556 Ab
729 2489 793 2555 isto
823 2498 933 2555 autem
963 2490 1077 2572 ignoto
1101 2511 1154 2554 oe·

100 2588 210 2642 terum
229 2575 358 2640 Naevio
380 2574 501 2642 nomen
531 2597 590 2643 cur
612 2595 749 2642 nemora
770 2573 829 2640 illa
856 2575 1067 2658 acceperint,
1089 2595 1155 2639 me·

98 2661 227 2728 moriac
249 2662 410 2749 proditum
433 2681 500 2728 non
533 2673 595 2728 est.
637 2661 827 2728 Absurdum
848 2669 956 2724 autem
978 2678 1043 2724 non
1067 2659 1155 2724 vide·

100 2755 177 2824 tur,
205 2747 234 2812 si
257 2748 426 2832 quiscum
448 2769 489 2814 eo
519 2747 553 2814 in
574 2747 671 2826 loeo,
700 2745 756 2812 ubi
784 2755 883 2810 antea
911 2739 1022 2811 nullae
1051 2757 1156 2828 erant,

100 2833 243 2898 arbores
264 2832 394 2898 sevisse
415 2833 522 2915 dieat,
548 2833 688 2920 quaein
712 2829 831 2896 silvam
859 2840 1091 2896 excrescentes
1114 2849 1157 2896 ex

101 2937 167 2998 eo,
196 2919 252 3003 qui
280 2919 407 2983 semina
436 2931 612 3004 posuerat,
649 2937 769 2982 nomen
798 2913 997 2998 acceperint
1041 2915 1156 2981 Facile

101 3013 215 3068 autem
252 3003 454 3085 credideris,
490 3003 580 3070 hunc
613 3003 785 3068 arboribus
820 2997 969 3065 colendis
1001 3019 1155 3086 magnam

102 3087 238 3154 dedisse
269 3109 426 3173 operam3
456 3110 533 3155 nam
566 3097 699 3174 praeter
729 3084 848 3152 silvam
879 3083 1039 3153 Naeviam
1069 3087 1154 3153 Nae·

101 3175 238 3240 vianum
261 3175 360 3240 etiam
380 3176 487 3259 pirum
509 3174 717 3256 laudatur⁷),
738 3173 824 3257 quod
845 3169 1016 3236 aNaeviis
1037 3193 1156 3238 nomen

101 3257 194 3325 baud
218 3259 316 3326 dubie
336 3261 479 3344 accepit,
501 3273 536 3327 ut
556 3257 742 3326 Lollianum
760 3279 782 3323 a
799 3255 928 3336 Lolltis,
943 3255 1157 3324 Valerianum

103 3365 126 3410 a
140 3342 297 3411 Valeriis.
333 3345 487 3434 Plebejus
508 3358 619 3414 autem
638 3345 695 3411 hio
715 3344 813 3413 etiam
831 3341 931 3408 homo
948 3341 1018 3424 suit,
1036 3343 1158 3426 quippe

104 3428 138 3494 in
161 3430 327 3496 Aventino
348 3430 521 3512 habitans,
552 3431 608 3517 qui
635 3451 749 3509 mons,
778 3427 829 3492 in'
858 3448 901 3492 uo
923 3427 1158 3514 antiquissimis

18 3590 19 3619 ¹
100 3515 173 3605 jam
188 3514 390 3604 temporibus
399 3517 477 3586 inde
492 3521 535 3586 ab
544 3519 640 3586 Anoo
647 3515 774 3585 Marcio
786 3452 882 3601 plebs
889 3511 1097 3578 habitaverat
1110 3513 1157 3596 ⁸),

176 3811 203 3882 l)
228 3807 326 3868 xvm.
354 3813 395 3872 {a
418 3814 463 3870 ed.
490 3801 654 3886 Spanpenb·
706 3810 742 3877 2)
768 3799 956 3884 Hopt'ettsaelt
986 3803 1005 3860 ἱ.
1037 3805 1056 3862 ἱ.
1086 3824 1156 3881 paq.

107 3891 155 3960 633
193 3893 364 3972 Goettltnp's
399 3895 566 3954 Gecebiebte
596 3895 649 3952 der
674 3887 850 3948 Rd‘mtroben
884 3885 1157 3971 Stoatecersamunq

18 3983 19 4049 ζ
103 3996 176 4056 paq.
190 3981 251 4038 tot.
275 4039 279 4044 ,
304 3979 333 4051 3)
353 3983 372 4038 t.
388 3981 408 4037 1.
419 3999 491 4056 pap.
509 3975 552 4036 32.
604 3981 635 4052 4)
654 3979 672 4036 1.
683 3975 854 4058 Lpapgldd·
905 3977 934 4046 5)
953 3976 990 4030 de
1003 3975 1072 4050 ltnp.
1087 3975 1155 4034 Lat.

18 4062 20 4150 ᾗ
106 4081 176 4139 paq.
201 4063 258 4121 toa
281 4063 327 4120 ed.
351 4061 485 4142 Spenpel.
536 4063 566 4132 6)
580 4080 650 4140 pop.
661 4063 717 4118 168.
733 4063 778 4120 ed.
794 4059 927 4138 Mueller·
976 4063 1007 4133 7)
1017 4059 1156 4132 Moerod.

18 4155 20 4212 t
112 4147 231 4206 Saeuum
246 4147 264 4206 Ι.
281 4149 411 4226 papdib
428 4149 472 4206 ed.
484 4146 602 4224 librent.
654 4147 683 4218 8)
701 4145 764 4217 Idm
780 4147 802 4209 1.
818 4148 872 4224 31)
891 4145 1155 4224 thadeldapudl,
