2802 4908
538 291 588 314 «-
640 207 717 328 err
764 289 814 310 -

154 436 285 510 aclibus
308 446 341 502 et
361 456 381 501 e
403 434 548 502 camnine
569 435 749 505 Naeviauo.
794 433 920 524 Etenim
940 435 1079 506 Ennium
1100 439 1201 509 multa

154 546 174 592 e
203 523 322 590 Naevii
355 521 553 594 carminibus
588 521 783 589 suffuratum
815 541 911 600 esse,
929 555 930 560 1
948 520 1067 590 Cicero
1105 530 1200 596 testis

154 623 207 679 est
224 611 277 695 ¹),
298 607 458 694 Virgilius
478 617 608 685 autem,
630 627 705 674 cum
726 605 860 672 Furium
880 607 1047 680 Antiatem
1063 618 1116 692 ⁸),
1137 615 1201 680 En·

153 699 265 775 nium,
284 694 388 775 alios,
417 706 486 760 tum
506 693 668 760 Naevium
685 693 733 758 ita
753 691 947 776 exscripsit,
979 708 1015 761 ut
1036 719 1201 781 quaecuu.

155 803 221 868 que
243 782 312 847 iere
333 782 375 848 de
403 782 504 846 rebus
524 777 694 866 Trojanis,
725 778 766 843 de
787 780 953 844 amoribus
975 783 1129 863 Aeneae,
1161 787 1203 854 de

155 869 302 950 Didone,
329 868 371 932 de
392 867 484 932 urbis
504 871 539 932 et
560 859 771 948 Carthaginis
791 863 1004 932 fundamento
1025 884 1204 955 supersunt

154 954 341 1038 fragmenta
361 953 534 1018 Naeviaua
549 952 601 1036 θ),
630 951 664 1015 in
693 949 822 1035 Virgilii
852 951 1019 1033 Aeneide,
1053 960 1203 1041 quamvis

157 1029 353 1124 elegantiori
383 1038 493 1104 veram
522 1048 557 1103 et
577 1036 717 1102 orationi
739 1037 1008 1120 accommodata,
1038 1045 1204 1128 reperian-

156 1138 219 1195 tur.
263 1125 417 1192 Attamen
450 1135 587 1209 uterque
628 1143 762 1188 carmen
789 1122 994 1190 Naeuianum
1035 1127 1069 1192 in
1109 1151 1205 1196 usum

157 1231 254 1280 suum
283 1211 331 1277 ita
359 1209 538 1292 convertit,
576 1220 614 1274 ut
643 1207 824 1276 sententias
851 1229 895 1274 ex
923 1231 963 1276 eo
994 1226 1205 1288 mutuaretur,

156 1299 260 1366 verba
280 1308 432 1376 mutaret,
453 1297 551 1363 immo
567 1294 693 1362 Ennius
715 1314 901 1364 sermonem
915 1296 1119 1366 Naeuianum
1135 1313 1207 1367 tan-

156 1395 226 1452 tum
259 1403 324 1449 non
355 1383 518 1448 derideret
530 1387 574 1464 4).
618 1381 768 1465 Apparet
796 1380 891 1465 iude,
920 1381 1060 1452 sormam
1082 1397 1207 1456 tantam

157 1479 337 1549 artemam,
359 1471 473 1541 rudem
493 1487 689 1546 sennonem,
710 1486 749 1532 as
774 1486 851 1534 eros
872 1488 990 1536 versus
1012 1470 1205 1542 Naevianus

158 1555 248 1624 haud
277 1555 444 1640 placuisse
472 1555 553 1620 viris
580 1551 667 1631 illis,
703 1489 772 1618 sei
794 1555 857 1621 sub
878 1555 1015 1622 sordida
1044 1570 1138 1624 veste
1166 1580 1209 1626 ee

159 1641 320 1721 latuisse,
358 1661 446 1726 quae
482 1637 747 1724 splendidissima
782 1647 816 1704 et
853 1643 1050 1724 gravissima
1084 1655 1209 1724 οεεοιη,

161 1749 247 1812 quae
270 1747 330 1809 ue,
366 1724 562 1811 simulatque
597 1723 664 1792 alio
702 1735 820 1792 ornatu
847 1726 1055 1808 incederent,
1084 1741 1209 1802 tantum

161 1749 292 1916 Virgilii
312 1812 493 1880 lectoribus
513 1823 682 1894 stuporem
702 1809 885 1896 injicerent.
928 1813 1042 1898 ltaque
1063 1813 1210 1899 iugenio,-

161 1901 314 1968 sissrmns
335 1910 426 1966 certe
448 1908 482 1964 et
502 1897 719 1981 gravissimus
739 1895 888 1964 Naevius
909 1908 991 1978 eret,
1014 1919 1211 1988 quamquam

161 2007 228 2055 uon
251 1985 402 2054 elimatus
423 1996 456 2051 et
477 1983 728 2054 calamistratus.

248 2105 317 2170 Res
338 2105 372 2170 ia
405 2103 570 2188 prioribus
598 2100 692 2166 libris
723 2100 908 2184 descriptae
929 2121 995 2168 non
1017 2121 1037 2170 e
1056 2103 1209 2191 cyclicis,

163 2191 437 2277 quemadmodum
460 2188 649 2254 Schuettius
671 2187 824 2270 opinatus
847 2198 910 2265 est,
943 2191 1074 2275 accepit
1094 2193 1212 2258 carmi·

163 2279 261 2344 nibus
274 2281 320 2357 ⁶),
348 2279 407 2343 sed
429 2274 561 2341 fabulas
582 2275 626 2340 de
645 2273 761 2338 Aenea
782 2292 860 2338 vere
881 2273 1050 2342 Romanas
1071 2290 1105 2342 et
1127 2297 1214 2364 quae

164 2365 198 2430 in
228 2364 328 2428 totius
357 2360 472 2446 populi
500 2380 558 2426 ore
589 2362 809 2426 versabantur
840 2360 977 2440 cecinit,
1017 2383 1214 2451 quamquam

165 2470 252 2536 quae
275 2451 316 2514 de
344 2447 471 2513 Didone
491 2451 627 2512 Aenean
648 2443 857 2530 hospitaliter
877 2448 1061 2530 accipiente
1083 2461 1116 2515 et
1136 2471 1215 2516 mox

164 2538 215 2639 ab·
233 2545 408 2639 eospretu
429 2534 591 2638 ornavit,
622 2551 668 2636 pa
688 2551 752 2596 non
776 2530 887 2632 dubito
916 2534 992 2640 quip
1020 2537 1214 2626 recentioris

166 2619 392 2788 atlanti.
413 2623 1216 2790 “tittatt‘tatttttititattt

167 2815 210 2860 ea
232 2814 274 2860 ex
296 2791 419 2860 fabulis
441 2793 483 2856 de
504 2791 612 2876 Eryce
635 2798 745 2854 monte
766 2786 889 2854 Siculis
911 2791 1069 2858 desumsit
1083 2795 1129 2880 ⁷).

255 2911 407 2979 Ceterum
428 2910 574 2976 Naevius
602 2930 669 2974 non
699 2907 831 2974 omnino
862 2910 905 2975 ab
928 2911 1016 2977 omni
1037 2913 1217 2982 imitatione

168 2997 298 3066 alienus
328 3009 396 3080 est,
428 2996 489 3063 sed
509 2996 689 3061 Homerum
719 2996 837 3078 ctiam,
871 2997 1019 3061 omnium
1045 3002 1219 3082 po'e‘tarum

170 3087 267 3172 quasi
289 3094 458 3170 parentem
480 3093 513 3147 et
535 3081 730 3166 exemplum,
754 3083 1219 3168 nonnunquam-consuluisse

148 3174 317 3251 .videtur,
346 3182 382 3235 ut
415 3167 589 3252 catalogus
612 3167 825 3247 auxiliorum,
855 3171 974 3255 quibus
1001 3183 1139 3257 uterque
1162 3196 1219 3258 po·

169 3257 268 3410 palus
284 3258 434 3324 utebatur
446 3259 491 3340 θ),
506 3265 539 3322 ct
551 3253 717 3340 naufragii
733 3255 776 3322 ad
790 3255 986 3327 camerinas
1002 3258 1219 3347 descriptio⁹)

193 3355 300 3412 oeent.
881 3371 884 3378 ·

258 3463 400 3528 Primum
421 3469 531 3526 autem
553 3467 586 3524 et
608 3457 695 3543 quod
716 3458 750 3522 in
766 3456 884 3524 Naevii
899 3455 1029 3528 laudem
1049 3461 1221 3545 plurimum
1254 3496 1257 3501 ·

171 3550 281 3629 valet,
310 3549 344 3616 id
367 3557 437 3628 est,
467 3546 554 3634 quod
576 3545 701 3632 primus
725 3543 856 3628 epicum
878 3565 1012 3616 mrmen
1032 3547 1221 3620 Romanum

172 3707 384 3727 unu—anu·—

245 3815 271 3880 1)
289 3812 329 3883 cs.
344 3819 403 3866 nat.
424 3812 464 3868 ad
481 3809 592 3884 frcpm.
608 3806 629 3862 l·
648 3810 673 3866 4·
701 3863 704 3868 .
726 3811 755 3873 ἲ)
773 3805 812 3878 tf·
832 3805 975 3868 Woiclwri
990 3821 1070 3885 poet·
1086 3816 1155 3876 Lar.
1170 3823 1245 3878 rel..

169 3903 321 3976 pap-329·
374 3902 404 3966 3)
422 3897 461 3970 cf.
477 3915 551 3972 pap.
568 3900 619 3962 81,
636 3902 695 3952 not.
719 3895 759 3955 ad
783 3894 894 3970 frama.
916 3895 937 3954 l.
962 3904 986 3956 2.
1005 3904 1030 3958 4.
1048 3907 1073 3960 6·
1091 3910 1117 3962 7.
1134 3913 1161 3964 9.
1181 3917 1223 3968 to.

175 3995 219 4044 11.
240 3990 279 4043 13.
298 3983 332 4040 ll.
352 3991 375 4040 1.
394 3989 419 4042 2.
440 3986 466 4040 3.
484 3985 510 4038 4.
528 3985 554 4038 7.
573 3979 618 4036 111.
640 3989 662 4038 l.
680 3983 736 4036 ine.
754 3986 794 4037 tt.
804 3987 844 4040 12.
886 3985 918 4056 4)
937 3985 976 4055 ef.
988 3993 1046 4039 not.
1059 3988 1100 4042 ad
1112 3988 1223 4068 frcpm.

177 4076 235 4126 inc.
252 4077 278 4128 6.
330 4072 360 4139 5)
386 4068 425 4141 cf.
447 4085 520 4142 pop·
534 4069 570 4125 80
583 4085 642 4138 sqq·
694 4062 791 4135 Φοί·
805 4082 879 4140 pap·
896 4074 940 4127 29.
991 4069 1022 4139 7)
1045 4072 1087 4143 cf.
1112 4079 1169 4132 rtot.
1185 4081 1227 4136 nd

175 4158 286 4232 frapm.
305 4156 349 4211 lll.
370 4161 392 4212 l.
445 4155 474 4222 8)
501 4152 542 4224 of.
559 4159 620 4208 not.
644 4151 686 4206 ad
704 4150 815 4225 frapm.
830 4150 863 4208 lt.
885 4157 929 4212 11.
980 4157 1010 4222 9)
1040 4157 1079 4228 cs.
1101 4168 1160 4218 aot.
1186 4165 1227 4220 ad

174 4242 286 4315 fraqm.
304 4241 350 4296 lV.
370 4245 395 4298 6.
