<?xml version="1.0" encoding="UTF-8"?>
<!DOCTYPE html PUBLIC "-//W3C//DTD XHTML 1.0 Transitional//EN"
    "http://www.w3.org/TR/xhtml1/DTD/xhtml1-transitional.dtd">
<html xmlns="http://www.w3.org/1999/xhtml" xml:lang="en" lang="en">
 <head>
  <title>
</title>
<meta http-equiv="Content-Type" content="text/html;charset=utf-8" />
  <meta name='ocr-system' content='tesseract 3.04.00' />
  <meta name='ocr-capabilities' content='ocr_page ocr_carea ocr_par ocr_line ocrx_word'/>
</head>
<body>
  <div class='ocr_page' id='page_1' title='image "./naeviivitamdesc00klusgoog/naeviivitamdesc00klusgoog_0103.png"; bbox 0 0 2776 4892; ppageno 0'>
   <div class='ocr_carea' id='block_1_1' title="bbox 634 273 883 348">
    <p class='ocr_par' dir='ltr' id='par_1_1' title="bbox 634 273 883 348">
     <span class='ocr_line' id='line_1_1' title="bbox 634 273 883 348; baseline -0.044 1"><span class='ocrx_word' id='word_1_1' title='bbox 634 273 883 348; x_wconf 73' lang='grc'>-·88-.-.·</span> 
     </span>
    </p>
   </div>
   <div class='ocr_carea' id='block_1_2' title="bbox 231 451 1289 1309">
    <p class='ocr_par' dir='ltr' id='par_1_2' title="bbox 231 451 1289 1309">
     <span class='ocr_line' id='line_1_2' title="bbox 234 451 1285 542; baseline -0.006 -20"><span class='ocrx_word' id='word_1_2' title='bbox 234 473 328 542; x_wconf 67' lang='lat' dir='ltr'>‘quos</span> <span class='ocrx_word' id='word_1_3' title='bbox 349 463 503 539; x_wconf 78' lang='lat' dir='ltr'><strong>tanquam</strong></span> <span class='ocrx_word' id='word_1_4' title='bbox 524 451 664 520; x_wconf 90' lang='lat' dir='ltr'>incultos</span> <span class='ocrx_word' id='word_1_5' title='bbox 685 455 877 532; x_wconf 82' lang='lat' dir='ltr'>contemnit,</span> <span class='ocrx_word' id='word_1_6' title='bbox 905 453 1103 538; x_wconf 85' lang='lat' dir='ltr'>opposuisse</span> <span class='ocrx_word' id='word_1_7' title='bbox 1122 451 1227 519; x_wconf 81' lang='lat' dir='ltr'>icutm</span> <span class='ocrx_word' id='word_1_8' title='bbox 1240 458 1285 535; x_wconf 88' lang='lat'>¹),</span> 
     </span>
     <span class='ocr_line' id='line_1_3' title="bbox 243 537 1287 624; baseline 0 -18"><span class='ocrx_word' id='word_1_9' title='bbox 243 543 338 616; x_wconf 81' lang='lat' dir='ltr'>Quod</span> <span class='ocrx_word' id='word_1_10' title='bbox 361 561 440 604; x_wconf 86' lang='lat' dir='ltr'>vero</span> <span class='ocrx_word' id='word_1_11' title='bbox 463 561 481 605; x_wconf 91' lang='lat' dir='ltr'>e</span> <span class='ocrx_word' id='word_1_12' title='bbox 503 539 626 624; x_wconf 86' lang='lat' dir='ltr'>prria</span> <span class='ocrx_word' id='word_1_13' title='bbox 647 541 839 604; x_wconf 77' lang='lat' dir='ltr'><strong>recensione</strong></span> <span class='ocrx_word' id='word_1_14' title='bbox 866 537 1001 606; x_wconf 83' lang='lat' dir='ltr'><strong>Iliadem</strong></span> <span class='ocrx_word' id='word_1_15' title='bbox 1024 561 1116 604; x_wconf 87' lang='lat' dir='ltr'>snam</span> <span class='ocrx_word' id='word_1_16' title='bbox 1139 540 1287 606; x_wconf 83' lang='lat' dir='ltr'>Laevius</span> 
     </span>
     <span class='ocr_line' id='line_1_4' title="bbox 243 627 1286 710; baseline -0.011 -16"><span class='ocrx_word' id='word_1_17' title='bbox 243 635 466 708; x_wconf 75' lang='lat' dir='ltr'>converterat,</span> <span class='ocrx_word' id='word_1_18' title='bbox 495 647 535 690; x_wconf 90' lang='lat' dir='ltr'>ea</span> <span class='ocrx_word' id='word_1_19' title='bbox 557 627 629 709; x_wconf 79' lang='lat' dir='ltr'>ipsa</span> <span class='ocrx_word' id='word_1_20' title='bbox 650 648 705 706; x_wconf 80' lang='lat' dir='ltr'>res</span> <span class='ocrx_word' id='word_1_21' title='bbox 727 647 828 700; x_wconf 85' lang='lat' dir='ltr'>causa</span> <span class='ocrx_word' id='word_1_22' title='bbox 853 636 922 703; x_wconf 88' lang='lat' dir='ltr'>est,</span> <span class='ocrx_word' id='word_1_23' title='bbox 951 647 1010 688; x_wconf 88' lang='lat' dir='ltr'>cur</span> <span class='ocrx_word' id='word_1_24' title='bbox 1031 645 1089 703; x_wconf 87' lang='lat' dir='ltr'>ea,</span> <span class='ocrx_word' id='word_1_25' title='bbox 1122 645 1207 710; x_wconf 87' lang='lat' dir='ltr'>quae</span> <span class='ocrx_word' id='word_1_26' title='bbox 1230 647 1286 690; x_wconf 66' lang='lat' dir='ltr'>su-,</span> 
     </span>
     <span class='ocr_line' id='line_1_5' title="bbox 241 709 1289 798; baseline -0.001 -21"><span class='ocrx_word' id='word_1_27' title='bbox 241 722 395 798; x_wconf 76' lang='lat' dir='ltr'>persam,</span> <span class='ocrx_word' id='word_1_28' title='bbox 426 710 608 795; x_wconf 80' lang='lat' dir='ltr'>fragmenta</span> <span class='ocrx_word' id='word_1_29' title='bbox 638 712 668 776; x_wconf 92' lang='lat' dir='ltr'>in</span> <span class='ocrx_word' id='word_1_30' title='bbox 698 711 803 790; x_wconf 82' lang='lat' dir='ltr'>Iliade</span> <span class='ocrx_word' id='word_1_31' title='bbox 832 724 943 786; x_wconf 85' lang='lat' dir='ltr'>nostra</span> <span class='ocrx_word' id='word_1_32' title='bbox 972 709 1059 788; x_wconf 81' lang='lat' dir='ltr'>haud</span> <span class='ocrx_word' id='word_1_33' title='bbox 1083 713 1215 776; x_wconf 88' lang='lat' dir='ltr'>omnino</span> <span class='ocrx_word' id='word_1_34' title='bbox 1240 712 1289 777; x_wconf 85' lang='lat' dir='ltr'>ita</span> 
     </span>
     <span class='ocr_line' id='line_1_6' title="bbox 241 795 1288 883; baseline -0.001 -20"><span class='ocrx_word' id='word_1_35' title='bbox 241 799 463 883; x_wconf 81' lang='lat' dir='ltr'>reperientur,</span> <span class='ocrx_word' id='word_1_36' title='bbox 494 800 578 862; x_wconf 88' lang='lat' dir='ltr'>unde</span> <span class='ocrx_word' id='word_1_37' title='bbox 608 795 757 862; x_wconf 89' lang='lat' dir='ltr'>concludi</span> <span class='ocrx_word' id='word_1_38' title='bbox 788 809 913 880; x_wconf 88' lang='lat' dir='ltr'>potest,</span> <span class='ocrx_word' id='word_1_39' title='bbox 943 809 999 874; x_wconf 81' lang='lat' dir='ltr'>ant</span> <span class='ocrx_word' id='word_1_40' title='bbox 1027 798 1288 874; x_wconf 83' lang='lat' dir='ltr'>diversissimam</span> 
     </span>
     <span class='ocr_line' id='line_1_7' title="bbox 231 882 1288 970; baseline -0.002 -21"><span class='ocrx_word' id='word_1_41' title='bbox 231 907 263 954; x_wconf 64' lang='lat' dir='ltr'>⁴a</span> <span class='ocrx_word' id='word_1_42' title='bbox 286 896 398 960; x_wconf 83' lang='lat' dir='ltr'>nostra</span> <span class='ocrx_word' id='word_1_43' title='bbox 420 886 610 948; x_wconf 82' lang='lat' dir='ltr'>recensione</span> <span class='ocrx_word' id='word_1_44' title='bbox 630 883 720 948; x_wconf 88' lang='lat' dir='ltr'>illam</span> <span class='ocrx_word' id='word_1_45' title='bbox 741 883 843 959; x_wconf 82' lang='lat' dir='ltr'>fuisse</span> <span class='ocrx_word' id='word_1_46' title='bbox 866 883 1029 970; x_wconf 80' lang='lat' dir='ltr'>Cypriam,</span> <span class='ocrx_word' id='word_1_47' title='bbox 1052 895 1108 946; x_wconf 89' lang='lat' dir='ltr'>aut</span> <span class='ocrx_word' id='word_1_48' title='bbox 1126 882 1288 948; x_wconf 78' lang='lat' dir='ltr'>Laeuium</span> 
     </span>
     <span class='ocr_line' id='line_1_8' title="bbox 240 969 1288 1060; baseline -0.001 -26"><span class='ocrx_word' id='word_1_49' title='bbox 240 981 360 1060; x_wconf 84' lang='lat' dir='ltr'>poetae</span> <span class='ocrx_word' id='word_1_50' title='bbox 382 971 573 1033; x_wconf 83' lang='lat' dir='ltr'>sententiam</span> <span class='ocrx_word' id='word_1_51' title='bbox 596 981 731 1048; x_wconf 88' lang='lat' dir='ltr'>tantum,</span> <span class='ocrx_word' id='word_1_52' title='bbox 751 991 814 1032; x_wconf 90' lang='lat' dir='ltr'>non</span> <span class='ocrx_word' id='word_1_53' title='bbox 838 973 936 1044; x_wconf 86' lang='lat' dir='ltr'>verba</span> <span class='ocrx_word' id='word_1_54' title='bbox 959 971 1173 1053; x_wconf 78' lang='lat' dir='ltr'>expressisse.</span> <span class='ocrx_word' id='word_1_55' title='bbox 1215 969 1288 1033; x_wconf 85' lang='lat' dir='ltr'>Sed</span> 
     </span>
     <span class='ocr_line' id='line_1_9' title="bbox 240 1052 1286 1140; baseline -0.004 -18"><span class='ocrx_word' id='word_1_56' title='bbox 240 1055 307 1122; x_wconf 83' lang='lat' dir='ltr'>alia</span> <span class='ocrx_word' id='word_1_57' title='bbox 337 1056 433 1120; x_wconf 88' lang='lat' dir='ltr'>etiam</span> <span class='ocrx_word' id='word_1_58' title='bbox 463 1065 513 1119; x_wconf 88' lang='lat' dir='ltr'>est</span> <span class='ocrx_word' id='word_1_59' title='bbox 542 1076 614 1130; x_wconf 90' lang='lat' dir='ltr'>res,</span> <span class='ocrx_word' id='word_1_60' title='bbox 638 1075 743 1140; x_wconf 90' lang='lat' dir='ltr'>equa</span> <span class='ocrx_word' id='word_1_61' title='bbox 772 1057 997 1126; x_wconf 84' lang='lat' dir='ltr'>recensionem</span> <span class='ocrx_word' id='word_1_62' title='bbox 1026 1052 1150 1118; x_wconf 88' lang='lat' dir='ltr'>illarum</span> <span class='ocrx_word' id='word_1_63' title='bbox 1177 1055 1286 1118; x_wconf 88' lang='lat' dir='ltr'>diver·</span> 
     </span>
     <span class='ocr_line' id='line_1_10' title="bbox 239 1139 1286 1294; baseline -0.002 -88"><span class='ocrx_word' id='word_1_64' title='bbox 239 1143 371 1294; x_wconf 61' lang='lat' dir='ltr'>qitutem</span> <span class='ocrx_word' id='word_1_65' title='bbox 395 1140 505 1204; x_wconf 89' lang='lat' dir='ltr'>videre</span> <span class='ocrx_word' id='word_1_66' title='bbox 526 1140 611 1218; x_wconf 73' lang='lat' dir='ltr'>lieet,</span> <span class='ocrx_word' id='word_1_67' title='bbox 645 1140 793 1217; x_wconf 80' lang='lat' dir='ltr'>Alterum</span> <span class='ocrx_word' id='word_1_68' title='bbox 811 1141 905 1223; x_wconf 83' lang='lat' dir='ltr'>enim,</span> <span class='ocrx_word' id='word_1_69' title='bbox 924 1142 1012 1227; x_wconf 88' lang='lat' dir='ltr'>quod</span> <span class='ocrx_word' id='word_1_70' title='bbox 1035 1153 1177 1215; x_wconf 82' lang='lat' dir='ltr'>aetatem</span> <span class='ocrx_word' id='word_1_71' title='bbox 1198 1139 1286 1217; x_wconf 79' lang='lat' dir='ltr'>tulit,</span> 
     </span>
     <span class='ocr_line' id='line_1_11' title="bbox 255 1233 939 1309; baseline -0.006 -18"><span class='ocrx_word' id='word_1_72' title='bbox 255 1237 476 1309; x_wconf 78' lang='lat' dir='ltr'>ragurentumt</span> <span class='ocrx_word' id='word_1_73' title='bbox 938 1233 939 1238; x_wconf 77' lang='grc'>’</span> 
     </span>
    </p>
   </div>
   <div class='ocr_carea' id='block_1_3' title="bbox 372 1337 1179 1430">
    <p class='ocr_par' dir='ltr' id='par_1_3' title="bbox 372 1337 1179 1430">
     <span class='ocr_line' id='line_1_12' title="bbox 372 1337 1179 1430; baseline 0 -20"><span class='ocrx_word' id='word_1_74' title='bbox 372 1351 484 1412; x_wconf 84' lang='lat' dir='ltr'>collum</span> <span class='ocrx_word' id='word_1_75' title='bbox 506 1369 707 1419; x_wconf 82' lang='lat' dir='ltr'>marmoreum</span> <span class='ocrx_word' id='word_1_76' title='bbox 728 1337 853 1426; x_wconf 82' lang='lat' dir='ltr'>torques</span> <span class='ocrx_word' id='word_1_77' title='bbox 878 1354 1028 1430; x_wconf 81' lang='lat' dir='ltr'>gemmata</span> <span class='ocrx_word' id='word_1_78' title='bbox 1052 1353 1179 1411; x_wconf 83' lang='lat' dir='ltr'>coronat</span> 
     </span>
    </p>
   </div>
   <div class='ocr_carea' id='block_1_4' title="bbox 239 1464 1288 1722">
    <p class='ocr_par' dir='ltr' id='par_1_4' title="bbox 239 1464 1288 1722">
     <span class='ocr_line' id='line_1_13' title="bbox 240 1464 1288 1550; baseline 0 -20"><span class='ocrx_word' id='word_1_79' title='bbox 240 1465 385 1548; x_wconf 88' lang='lat' dir='ltr'>eprimo</span> <span class='ocrx_word' id='word_1_80' title='bbox 408 1465 524 1530; x_wconf 87' lang='lat' dir='ltr'>citatur</span> <span class='ocrx_word' id='word_1_81' title='bbox 544 1465 639 1544; x_wconf 85' lang='lat' dir='ltr'>libro,</span> <span class='ocrx_word' id='word_1_82' title='bbox 662 1486 735 1533; x_wconf 88' lang='lat' dir='ltr'>eura</span> <span class='ocrx_word' id='word_1_83' title='bbox 755 1477 863 1530; x_wconf 89' lang='lat' dir='ltr'>tamen</span> <span class='ocrx_word' id='word_1_84' title='bbox 885 1464 979 1530; x_wconf 88' lang='lat' dir='ltr'>locus</span> <span class='ocrx_word' id='word_1_85' title='bbox 1000 1466 1205 1542; x_wconf 84' lang='lat' dir='ltr'>Homericus,</span> <span class='ocrx_word' id='word_1_86' title='bbox 1230 1465 1288 1550; x_wconf 84' lang='lat' dir='ltr'>qui</span> 
     </span>
     <span class='ocr_line' id='line_1_14' title="bbox 239 1551 1286 1635; baseline 0.004 -21"><span class='ocrx_word' id='word_1_87' title='bbox 239 1551 367 1635; x_wconf 91' lang='lat' dir='ltr'>quidem</span> <span class='ocrx_word' id='word_1_88' title='bbox 400 1551 579 1616; x_wconf 88' lang='lat' dir='ltr'>simillimus</span> <span class='ocrx_word' id='word_1_89' title='bbox 608 1564 677 1632; x_wconf 85' lang='lat' dir='ltr'>est,</span> <span class='ocrx_word' id='word_1_90' title='bbox 706 1552 754 1624; x_wconf 84' lang='lat' dir='ltr'>itt¹</span> <span class='ocrx_word' id='word_1_91' title='bbox 770 1553 855 1624; x_wconf 86' lang='lat' dir='ltr'>tertii</span> <span class='ocrx_word' id='word_1_92' title='bbox 879 1551 1102 1624; x_wconf 76' lang='lat' dir='ltr'>denuntiari</span> <span class='ocrx_word' id='word_1_93' title='bbox 1123 1553 1215 1618; x_wconf 89' lang='lat' dir='ltr'>initio</span> <span class='ocrx_word' id='word_1_94' title='bbox 1236 1554 1286 1618; x_wconf 86' lang='lat' dir='ltr'>in·</span> 
     </span>
     <span class='ocr_line' id='line_1_15' title="bbox 239 1637 609 1722; baseline 0.008 -21"><span class='ocrx_word' id='word_1_95' title='bbox 239 1637 449 1722; x_wconf 76' lang='lat' dir='ltr'>veniaturi)3</span> <span class='ocrx_word' id='word_1_96' title='bbox 471 1637 609 1704; x_wconf 88' lang='lat' dir='ltr'>alterum</span> 
     </span>
    </p>
   </div>
   <div class='ocr_carea' id='block_1_5' title="bbox 367 1761 1186 1842">
    <p class='ocr_par' dir='ltr' id='par_1_5' title="bbox 367 1761 1186 1842">
     <span class='ocr_line' id='line_1_16' title="bbox 367 1761 1186 1842; baseline 0 -23"><span class='ocrx_word' id='word_1_97' title='bbox 367 1761 520 1834; x_wconf 86' lang='lat' dir='ltr'>loeoundo</span> <span class='ocrx_word' id='word_1_98' title='bbox 543 1763 684 1838; x_wconf 83' lang='lat' dir='ltr'>penetrat</span> <span class='ocrx_word' id='word_1_99' title='bbox 705 1762 828 1842; x_wconf 86' lang='lat' dir='ltr'>penitus</span> <span class='ocrx_word' id='word_1_100' title='bbox 850 1763 1045 1837; x_wconf 84' lang='lat' dir='ltr'>thalamoque</span> <span class='ocrx_word' id='word_1_101' title='bbox 1067 1763 1186 1840; x_wconf 85' lang='lat' dir='ltr'>potitur</span> 
     </span>
    </p>
   </div>
   <div class='ocr_carea' id='block_1_6' title="bbox 169 1862 1285 2057">
    <p class='ocr_par' dir='ltr' id='par_1_6' title="bbox 169 1862 1285 2057">
     <span class='ocr_line' id='line_1_17' title="bbox 238 1862 1285 1958; baseline 0.01 -22"><span class='ocrx_word' id='word_1_102' title='bbox 238 1862 530 1944; x_wconf 79' lang='lat' dir='ltr'>elibrosecundo</span> <span class='ocrx_word' id='word_1_103' title='bbox 554 1875 705 1958; x_wconf 87' lang='lat' dir='ltr'>laudant,</span> <span class='ocrx_word' id='word_1_104' title='bbox 736 1877 788 1941; x_wconf 90' lang='lat' dir='ltr'>oui</span> <span class='ocrx_word' id='word_1_105' title='bbox 819 1875 999 1942; x_wconf 88' lang='lat' dir='ltr'>simillimus</span> <span class='ocrx_word' id='word_1_106' title='bbox 1027 1898 1144 1942; x_wconf 87' lang='lat' dir='ltr'>versus</span> <span class='ocrx_word' id='word_1_107' title='bbox 1164 1877 1285 1946; x_wconf 64' lang='lat' dir='ltr'>Home.</span> 
     </span>
     <span class='ocr_line' id='line_1_18' title="bbox 169 1959 1083 2057; baseline -0.003 -26"><span class='ocrx_word' id='word_1_108' title='bbox 169 2033 173 2040; x_wconf 67' lang='grc'><strong>,</strong></span> <span class='ocrx_word' id='word_1_109' title='bbox 237 1959 409 2042; x_wconf 71' lang='lat' dir='ltr'>deusest,</span> <span class='ocrx_word' id='word_1_110' title='bbox 433 1964 487 2057; x_wconf 86' lang='lat' dir='ltr'>qni</span> <span class='ocrx_word' id='word_1_111' title='bbox 509 1965 571 2035; x_wconf 87' lang='lat' dir='ltr'>sub</span> <span class='ocrx_word' id='word_1_112' title='bbox 593 1963 679 2036; x_wconf 86' lang='lat' dir='ltr'>tertii</span> <span class='ocrx_word' id='word_1_113' title='bbox 699 1962 773 2028; x_wconf 89' lang='lat' dir='ltr'>libri</span> <span class='ocrx_word' id='word_1_114' title='bbox 794 1960 890 2028; x_wconf 88' lang='lat' dir='ltr'>finem</span> <span class='ocrx_word' id='word_1_115' title='bbox 911 1962 1083 2047; x_wconf 76' lang='lat' dir='ltr'>legitur³l,</span> 
     </span>
    </p>
   </div>
   <div class='ocr_carea' id='block_1_7' title="bbox 628 2117 902 2146">
    <p class='ocr_par' dir='ltr' id='par_1_7' title="bbox 628 2117 902 2146">
     <span class='ocr_line' id='line_1_19' title="bbox 628 2117 902 2146; baseline -0.007 -14"><span class='ocrx_word' id='word_1_116' title='bbox 628 2117 902 2146; x_wconf 47' lang='lat' dir='ltr'>W*</span> 
     </span>
    </p>
   </div>
   <div class='ocr_carea' id='block_1_8' title="bbox 577 2240 941 2308">
    <p class='ocr_par' dir='ltr' id='par_1_8' title="bbox 577 2240 941 2308">
     <span class='ocr_line' id='line_1_20' title="bbox 577 2240 941 2308; baseline 0.003 -2"><span class='ocrx_word' id='word_1_117' title='bbox 577 2240 636 2306; x_wconf 90' lang='lat' dir='ltr'>Ill.</span> <span class='ocrx_word' id='word_1_118' title='bbox 698 2240 941 2308; x_wconf 83' lang='lat' dir='ltr'>Fabulae.</span> 
     </span>
    </p>
   </div>
   <div class='ocr_carea' id='block_1_9' title="bbox 160 2365 1286 3483">
    <p class='ocr_par' dir='ltr' id='par_1_9' title="bbox 160 2365 1283 2450">
     <span class='ocr_line' id='line_1_21' title="bbox 160 2365 1283 2450; baseline -0.006 -15"><span class='ocrx_word' id='word_1_119' title='bbox 160 2441 164 2448; x_wconf 55' lang='grc'><strong><em>,</em></strong></span> <span class='ocrx_word' id='word_1_120' title='bbox 324 2365 524 2442; x_wconf 83' lang='lat' dir='ltr'>Difficillime</span> <span class='ocrx_word' id='word_1_121' title='bbox 546 2365 674 2436; x_wconf 88' lang='lat' dir='ltr'>duobus</span> <span class='ocrx_word' id='word_1_122' title='bbox 696 2367 880 2436; x_wconf 82' lang='lat' dir='ltr'>nominibus</span> <span class='ocrx_word' id='word_1_123' title='bbox 910 2377 960 2436; x_wconf 86' lang='lat' dir='ltr'>est</span> <span class='ocrx_word' id='word_1_124' title='bbox 980 2366 1171 2450; x_wconf 84' lang='lat' dir='ltr'>prouincia,</span> <span class='ocrx_word' id='word_1_125' title='bbox 1192 2367 1283 2432; x_wconf 54' lang='lat' dir='ltr'>Nae„</span> 
     </span>
    </p>

    <p class='ocr_par' dir='ltr' id='par_1_10' title="bbox 233 2451 1286 3483">
     <span class='ocr_line' id='line_1_22' title="bbox 236 2451 1284 2530; baseline 0.004 -14"><span class='ocrx_word' id='word_1_126' title='bbox 236 2451 281 2516; x_wconf 85' lang='lat' dir='ltr'>vii</span> <span class='ocrx_word' id='word_1_127' title='bbox 302 2451 432 2526; x_wconf 87' lang='lat' dir='ltr'>fabulas</span> <span class='ocrx_word' id='word_1_128' title='bbox 455 2472 475 2515; x_wconf 90' lang='lat' dir='ltr'>a</span> <span class='ocrx_word' id='word_1_129' title='bbox 496 2451 599 2530; x_wconf 77' lang='lat' dir='ltr'>Livii,</span> <span class='ocrx_word' id='word_1_130' title='bbox 621 2452 735 2530; x_wconf 80' lang='lat' dir='ltr'>Ennii,</span> <span class='ocrx_word' id='word_1_131' title='bbox 759 2453 854 2526; x_wconf 81' lang='lat' dir='ltr'>Nouii</span> <span class='ocrx_word' id='word_1_132' title='bbox 885 2462 917 2515; x_wconf 91' lang='lat' dir='ltr'>et</span> <span class='ocrx_word' id='word_1_133' title='bbox 940 2451 1050 2527; x_wconf 83' lang='lat' dir='ltr'>Laevii</span> <span class='ocrx_word' id='word_1_134' title='bbox 1082 2451 1284 2520; x_wconf 85' lang='lat' dir='ltr'>carminibus</span> 
     </span>
     <span class='ocr_line' id='line_1_23' title="bbox 237 2537 1285 2623; baseline 0.004 -21"><span class='ocrx_word' id='word_1_135' title='bbox 237 2539 464 2618; x_wconf 86' lang='lat' dir='ltr'>discernendi,</span> <span class='ocrx_word' id='word_1_136' title='bbox 494 2559 567 2612; x_wconf 84' lang='lat' dir='ltr'>oum</span> <span class='ocrx_word' id='word_1_137' title='bbox 598 2547 629 2608; x_wconf 88' lang='lat' dir='ltr'>et</span> <span class='ocrx_word' id='word_1_138' title='bbox 658 2537 773 2608; x_wconf 87' lang='lat' dir='ltr'>horum</span> <span class='ocrx_word' id='word_1_139' title='bbox 803 2551 971 2622; x_wconf 87' lang='lat' dir='ltr'>poctarum</span> <span class='ocrx_word' id='word_1_140' title='bbox 1000 2539 1130 2605; x_wconf 86' lang='lat' dir='ltr'>nomina</span> <span class='ocrx_word' id='word_1_141' title='bbox 1159 2539 1285 2623; x_wconf 85' lang='lat' dir='ltr'>ubique</span> 
     </span>
     <span class='ocr_line' id='line_1_24' title="bbox 235 2624 1284 2709; baseline -0.004 -19"><span class='ocrx_word' id='word_1_142' title='bbox 235 2624 305 2690; x_wconf 87' lang='lat' dir='ltr'>fere</span> <span class='ocrx_word' id='word_1_143' title='bbox 336 2635 571 2693; x_wconf 84' lang='lat' dir='ltr'>commutentur</span> <span class='ocrx_word' id='word_1_144' title='bbox 583 2629 616 2704; x_wconf 82' lang='lat'>⁴)</span> <span class='ocrx_word' id='word_1_145' title='bbox 648 2635 680 2693; x_wconf 88' lang='lat' dir='ltr'>et</span> <span class='ocrx_word' id='word_1_146' title='bbox 709 2624 853 2702; x_wconf 81' lang='lat' dir='ltr'>Nonius,</span> <span class='ocrx_word' id='word_1_147' title='bbox 883 2645 978 2708; x_wconf 79' lang='lat' dir='ltr'>quern</span> <span class='ocrx_word' id='word_1_148' title='bbox 1007 2637 1120 2688; x_wconf 85' lang='lat' dir='ltr'>nostra</span> <span class='ocrx_word' id='word_1_149' title='bbox 1150 2624 1284 2709; x_wconf 83' lang='lat' dir='ltr'>quidem</span> 
     </span>
     <span class='ocr_line' id='line_1_25' title="bbox 237 2708 1283 2794; baseline -0.001 -20"><span class='ocrx_word' id='word_1_150' title='bbox 237 2719 329 2784; x_wconf 83' lang='lat' dir='ltr'>aetas</span> <span class='ocrx_word' id='word_1_151' title='bbox 360 2713 459 2790; x_wconf 80' lang='lat' dir='ltr'>uidit,</span> <span class='ocrx_word' id='word_1_152' title='bbox 493 2709 747 2793; x_wconf 81' lang='lat' dir='ltr'>corruptelarum</span> <span class='ocrx_word' id='word_1_153' title='bbox 780 2708 909 2782; x_wconf 79' lang='lat' dir='ltr'>nidulus</span> <span class='ocrx_word' id='word_1_154' title='bbox 939 2732 1011 2782; x_wconf 83' lang='lat' dir='ltr'>cum</span> <span class='ocrx_word' id='word_1_155' title='bbox 1041 2709 1227 2783; x_wconf 87' lang='lat' dir='ltr'>Weicherto</span> <span class='ocrx_word' id='word_1_156' title='bbox 1246 2713 1283 2794; x_wconf 78' lang='lat'>⁵)</span> 
     </span>
     <span class='ocr_line' id='line_1_26' title="bbox 235 2795 1282 2884; baseline 0.003 -26"><span class='ocrx_word' id='word_1_157' title='bbox 235 2795 299 2866; x_wconf 81' lang='lat' dir='ltr'>diei</span> <span class='ocrx_word' id='word_1_158' title='bbox 323 2798 439 2880; x_wconf 82' lang='lat' dir='ltr'>possit,</span> <span class='ocrx_word' id='word_1_159' title='bbox 462 2815 566 2884; x_wconf 84' lang='lat' dir='ltr'>neque</span> <span class='ocrx_word' id='word_1_160' title='bbox 589 2817 640 2870; x_wconf 92' lang='lat' dir='ltr'>ea,</span> <span class='ocrx_word' id='word_1_161' title='bbox 664 2817 759 2880; x_wconf 88' lang='lat' dir='ltr'>quam</span> <span class='ocrx_word' id='word_1_162' title='bbox 790 2817 893 2880; x_wconf 88' lang='lat' dir='ltr'>nuper</span> <span class='ocrx_word' id='word_1_163' title='bbox 923 2809 1075 2870; x_wconf 86' lang='lat' dir='ltr'>curarunt</span> <span class='ocrx_word' id='word_1_164' title='bbox 1105 2797 1282 2866; x_wconf 87' lang='lat' dir='ltr'>editionem</span> 
     </span>
     <span class='ocr_line' id='line_1_27' title="bbox 237 2880 1280 2966; baseline -0.001 -20"><span class='ocrx_word' id='word_1_165' title='bbox 237 2881 431 2954; x_wconf 87' lang='lat' dir='ltr'>Gerlaehius</span> <span class='ocrx_word' id='word_1_166' title='bbox 460 2880 683 2966; x_wconf 84' lang='lat' dir='ltr'>Rothiusque,</span> <span class='ocrx_word' id='word_1_167' title='bbox 715 2883 796 2952; x_wconf 87' lang='lat' dir='ltr'>satis</span> <span class='ocrx_word' id='word_1_168' title='bbox 827 2880 997 2964; x_wconf 80' lang='lat' dir='ltr'>diligenter</span> <span class='ocrx_word' id='word_1_169' title='bbox 1026 2881 1193 2952; x_wconf 85' lang='lat' dir='ltr'>elaborata</span> <span class='ocrx_word' id='word_1_170' title='bbox 1223 2883 1280 2961; x_wconf 88' lang='lat' dir='ltr'>sit,</span> 
     </span>
     <span class='ocr_line' id='line_1_28' title="bbox 236 2967 1282 3052; baseline -0.001 -18"><span class='ocrx_word' id='word_1_171' title='bbox 236 2971 504 3052; x_wconf 85' lang='lat' dir='ltr'>quemadmodum</span> <span class='ocrx_word' id='word_1_172' title='bbox 534 2969 566 3030; x_wconf 92' lang='lat' dir='ltr'>in</span> <span class='ocrx_word' id='word_1_173' title='bbox 596 2970 806 3033; x_wconf 83' lang='lat' dir='ltr'>recensendis</span> <span class='ocrx_word' id='word_1_174' title='bbox 837 2967 913 3041; x_wconf 78' lang='lat' dir='ltr'>belli</span> <span class='ocrx_word' id='word_1_175' title='bbox 946 2968 1057 3042; x_wconf 80' lang='lat' dir='ltr'>Punici</span> <span class='ocrx_word' id='word_1_176' title='bbox 1087 2967 1282 3051; x_wconf 79' lang='lat' dir='ltr'>fragmentis</span> 
     </span>
     <span class='ocr_line' id='line_1_29' title="bbox 234 3053 1282 3138; baseline 0.005 -24"><span class='ocrx_word' id='word_1_177' title='bbox 234 3072 301 3124; x_wconf 93' lang='lat' dir='ltr'>non</span> <span class='ocrx_word' id='word_1_178' title='bbox 330 3076 394 3118; x_wconf 88' lang='lat' dir='ltr'>uno</span> <span class='ocrx_word' id='word_1_179' title='bbox 417 3055 492 3124; x_wconf 90' lang='lat' dir='ltr'>loco</span> <span class='ocrx_word' id='word_1_180' title='bbox 523 3055 760 3130; x_wconf 86' lang='lat' dir='ltr'>adnotavimus,</span> <span class='ocrx_word' id='word_1_181' title='bbox 806 3055 970 3126; x_wconf 82' lang='lat' dir='ltr'>Srtmmem</span> <span class='ocrx_word' id='word_1_182' title='bbox 1002 3053 1128 3138; x_wconf 83' lang='lat' dir='ltr'>quidem</span> <span class='ocrx_word' id='word_1_183' title='bbox 1159 3053 1282 3119; x_wconf 87' lang='lat' dir='ltr'>bacin</span> 
     </span>
     <span class='ocr_line' id='line_1_30' title="bbox 236 3136 1284 3227; baseline 0.006 -28"><span class='ocrx_word' id='word_1_184' title='bbox 236 3157 273 3200; x_wconf 87' lang='lat' dir='ltr'>re</span> <span class='ocrx_word' id='word_1_185' title='bbox 303 3136 508 3227; x_wconf 85' lang='lat' dir='ltr'>dijudicanda</span> <span class='ocrx_word' id='word_1_186' title='bbox 542 3139 734 3222; x_wconf 83' lang='lat' dir='ltr'>optimqrum</span> <span class='ocrx_word' id='word_1_187' title='bbox 768 3139 922 3211; x_wconf 87' lang='lat' dir='ltr'>librorum</span> <span class='ocrx_word' id='word_1_188' title='bbox 955 3161 1052 3212; x_wconf 87' lang='lat' dir='ltr'>manu</span> <span class='ocrx_word' id='word_1_189' title='bbox 1084 3140 1284 3223; x_wconf 87' lang='lat' dir='ltr'>scriptorum</span> 
     </span>
     <span class='ocr_line' id='line_1_31' title="bbox 235 3225 1281 3304; baseline 0.001 -14"><span class='ocrx_word' id='word_1_190' title='bbox 235 3225 460 3300; x_wconf 73' lang='lat' dir='ltr'>auctoritatem</span> <span class='ocrx_word' id='word_1_191' title='bbox 484 3243 558 3295; x_wconf 87' lang='lat' dir='ltr'>esse</span> <span class='ocrx_word' id='word_1_192' title='bbox 580 3225 672 3304; x_wconf 85' lang='lat' dir='ltr'>duxi;</span> <span class='ocrx_word' id='word_1_193' title='bbox 703 3226 743 3298; x_wconf 87' lang='lat' dir='ltr'>iis</span> <span class='ocrx_word' id='word_1_194' title='bbox 773 3235 880 3295; x_wconf 83' lang='lat' dir='ltr'>tamen</span> <span class='ocrx_word' id='word_1_195' title='bbox 904 3227 936 3290; x_wconf 90' lang='lat' dir='ltr'>in</span> <span class='ocrx_word' id='word_1_196' title='bbox 960 3225 1062 3304; x_wconf 82' lang='lat' dir='ltr'>locis,</span> <span class='ocrx_word' id='word_1_197' title='bbox 1085 3225 1139 3298; x_wconf 87' lang='lat' dir='ltr'>ubi</span> <span class='ocrx_word' id='word_1_198' title='bbox 1162 3246 1203 3289; x_wconf 86' lang='lat' dir='ltr'>ex</span> <span class='ocrx_word' id='word_1_199' title='bbox 1226 3225 1281 3298; x_wconf 86' lang='lat' dir='ltr'>his</span> 
     </span>
     <span class='ocr_line' id='line_1_32' title="bbox 234 3309 1283 3398; baseline 0.004 -24"><span class='ocrx_word' id='word_1_200' title='bbox 234 3311 291 3382; x_wconf 80' lang='lat' dir='ltr'>vix</span> <span class='ocrx_word' id='word_1_201' title='bbox 321 3311 494 3396; x_wconf 84' lang='lat' dir='ltr'>quidquam</span> <span class='ocrx_word' id='word_1_202' title='bbox 526 3309 691 3398; x_wconf 80' lang='lat' dir='ltr'>dijudicari</span> <span class='ocrx_word' id='word_1_203' title='bbox 723 3323 871 3396; x_wconf 88' lang='lat' dir='ltr'>poterat,</span> <span class='ocrx_word' id='word_1_204' title='bbox 901 3310 1007 3396; x_wconf 81' lang='lat' dir='ltr'>legem</span> <span class='ocrx_word' id='word_1_205' title='bbox 1037 3324 1170 3379; x_wconf 90' lang='lat' dir='ltr'>secutus</span> <span class='ocrx_word' id='word_1_206' title='bbox 1194 3333 1283 3390; x_wconf 88' lang='lat' dir='ltr'>sum,</span> 
     </span>
     <span class='ocr_line' id='line_1_33' title="bbox 233 3395 1286 3483; baseline -0.002 -19"><span class='ocrx_word' id='word_1_207' title='bbox 233 3417 256 3468; x_wconf 84' lang='lat' dir='ltr'>a</span> <span class='ocrx_word' id='word_1_208' title='bbox 276 3395 403 3482; x_wconf 81' lang='lat' dir='ltr'>Langia</span> <span class='ocrx_word' id='word_1_209' title='bbox 414 3397 449 3483; x_wconf 77' lang='lat'>¹⁶)</span> <span class='ocrx_word' id='word_1_210' title='bbox 481 3397 652 3482; x_wconf 80' lang='lat' dir='ltr'>ingeniose</span> <span class='ocrx_word' id='word_1_211' title='bbox 673 3406 705 3465; x_wconf 89' lang='lat' dir='ltr'>et</span> <span class='ocrx_word' id='word_1_212' title='bbox 726 3395 886 3471; x_wconf 87' lang='lat' dir='ltr'>subtiliter</span> <span class='ocrx_word' id='word_1_213' title='bbox 907 3400 1136 3477; x_wconf 84' lang='lat' dir='ltr'>constitutam,</span> <span class='ocrx_word' id='word_1_214' title='bbox 1163 3397 1218 3470; x_wconf 81' lang='lat' dir='ltr'>abi</span> <span class='ocrx_word' id='word_1_215' title='bbox 1240 3399 1286 3463; x_wconf 85' lang='lat' dir='ltr'>de</span> 
     </span>
    </p>
   </div>
   <div class='ocr_carea' id='block_1_10' title="bbox 236 3557 445 3573">
    <p class='ocr_par' dir='ltr' id='par_1_11' title="bbox 236 3557 445 3573">
     <span class='ocr_line' id='line_1_34' title="bbox 236 3557 445 3573; baseline -0.005 -2"><span class='ocrx_word' id='word_1_216' title='bbox 236 3557 445 3573; x_wconf 54' lang='lat' dir='ltr'>m</span> 
     </span>
    </p>
   </div>
   <div class='ocr_carea' id='block_1_11' title="bbox 228 3640 1287 4308">
    <p class='ocr_par' dir='ltr' id='par_1_12' title="bbox 228 3640 1287 4308">
     <span class='ocr_line' id='line_1_35' title="bbox 303 3640 1283 3716; baseline 0.002 -20"><span class='ocrx_word' id='word_1_217' title='bbox 303 3643 331 3712; x_wconf 93' lang='lat' dir='ltr'>l)</span> <span class='ocrx_word' id='word_1_218' title='bbox 361 3643 465 3698; x_wconf 78' lang='lat' dir='ltr'>Annei.</span> <span class='ocrx_word' id='word_1_219' title='bbox 497 3641 606 3716; x_wconf 68' lang='lat' dir='ltr'>facque.</span> <span class='ocrx_word' id='word_1_220' title='bbox 634 3640 692 3698; x_wconf 86' lang='lat' dir='ltr'>vlt.</span> <span class='ocrx_word' id='word_1_221' title='bbox 728 3642 745 3698; x_wconf 79' lang='grc'><strong>3</strong></span> <span class='ocrx_word' id='word_1_222' title='bbox 783 3641 836 3716; x_wconf 72' lang='lat' dir='ltr'>Sp,</span> <span class='ocrx_word' id='word_1_223' title='bbox 894 3645 924 3714; x_wconf 74' lang='lat'>2)</span> <span class='ocrx_word' id='word_1_224' title='bbox 952 3645 1039 3698; x_wconf 77' lang='lat' dir='ltr'>llt&#39;ad.</span> <span class='ocrx_word' id='word_1_225' title='bbox 1065 3640 1110 3698; x_wconf 88' lang='lat' dir='ltr'>lli.</span> <span class='ocrx_word' id='word_1_226' title='bbox 1137 3643 1196 3699; x_wconf 76' lang='lat'>141.</span> <span class='ocrx_word' id='word_1_227' title='bbox 1250 3644 1283 3712; x_wconf 80' lang='lat'>3)</span> 
     </span>
     <span class='ocr_line' id='line_1_36' title="bbox 234 3724 1284 3802; baseline 0 -20"><span class='ocrx_word' id='word_1_228' title='bbox 234 3726 319 3782; x_wconf 75' lang='lat' dir='ltr'>tttoot.</span> <span class='ocrx_word' id='word_1_229' title='bbox 346 3725 390 3781; x_wconf 83' lang='grc' dir='ltr'><strong>ΙΙΙ.</strong></span> <span class='ocrx_word' id='word_1_230' title='bbox 415 3729 475 3788; x_wconf 74' lang='lat' dir='ltr'>tlt,</span> <span class='ocrx_word' id='word_1_231' title='bbox 528 3727 557 3793; x_wconf 80' lang='lat' dir='ltr'>d)</span> <span class='ocrx_word' id='word_1_232' title='bbox 576 3726 615 3796; x_wconf 81' lang='lat' dir='ltr'>cf.</span> <span class='ocrx_word' id='word_1_233' title='bbox 644 3724 750 3790; x_wconf 72' lang='lat' dir='ltr'>Ossam</span> <span class='ocrx_word' id='word_1_234' title='bbox 776 3728 854 3782; x_wconf 83' lang='lat' dir='ltr'>anal.</span> <span class='ocrx_word' id='word_1_235' title='bbox 880 3731 944 3783; x_wconf 81' lang='lat' dir='ltr'>crit.</span> <span class='ocrx_word' id='word_1_236' title='bbox 963 3745 1036 3802; x_wconf 70' lang='lat' dir='ltr'>paq.</span> <span class='ocrx_word' id='word_1_237' title='bbox 1062 3729 1088 3784; x_wconf 81' lang='lat'>7.</span> <span class='ocrx_word' id='word_1_238' title='bbox 1113 3727 1148 3783; x_wconf 77' lang='lat'>29</span> <span class='ocrx_word' id='word_1_239' title='bbox 1172 3735 1202 3782; x_wconf 85' lang='lat' dir='ltr'>et</span> <span class='ocrx_word' id='word_1_240' title='bbox 1226 3731 1284 3794; x_wconf 78' lang='grc'>54,-</span> 
     </span>
     <span class='ocr_line' id='line_1_37' title="bbox 232 3806 1284 3884; baseline 0.003 -21"><span class='ocrx_word' id='word_1_241' title='bbox 232 3807 379 3864; x_wconf 72' lang='lat' dir='ltr'>-Wotctort</span> <span class='ocrx_word' id='word_1_242' title='bbox 398 3819 477 3882; x_wconf 82' lang='lat' dir='ltr'>poet.</span> <span class='ocrx_word' id='word_1_243' title='bbox 503 3811 600 3873; x_wconf 72' lang='lat' dir='ltr'>Latin</span> <span class='ocrx_word' id='word_1_244' title='bbox 626 3809 682 3864; x_wconf 46' lang='lat' dir='ltr'>rel.¹</span> <span class='ocrx_word' id='word_1_245' title='bbox 701 3827 771 3884; x_wconf 67' lang='lat' dir='ltr'>paq.</span> <span class='ocrx_word' id='word_1_246' title='bbox 790 3813 820 3867; x_wconf 81' lang='lat'>31</span> <span class='ocrx_word' id='word_1_247' title='bbox 839 3820 899 3868; x_wconf 77' lang='lat' dir='ltr'>aot.</span> <span class='ocrx_word' id='word_1_248' title='bbox 917 3813 952 3879; x_wconf 69' lang='grc' dir='ltr'>ὃς</span> <span class='ocrx_word' id='word_1_249' title='bbox 971 3806 1091 3878; x_wconf 50' lang='lat' dir='ltr'>‘Baebm</span> <span class='ocrx_word' id='word_1_250' title='bbox 1114 3809 1284 3870; x_wconf 81' lang='lat' dir='ltr'>Gesobicbte</span> 
     </span>
     <span class='ocr_line' id='line_1_38' title="bbox 233 3889 1285 3972; baseline -0.002 -20"><span class='ocrx_word' id='word_1_251' title='bbox 233 3895 384 3958; x_wconf 81' lang='lat' dir='ltr'>deer‘m,</span> <span class='ocrx_word' id='word_1_252' title='bbox 396 3893 546 3972; x_wconf 59' lang='lat' dir='ltr'>litteratae</span> <span class='ocrx_word' id='word_1_253' title='bbox 565 3895 586 3966; x_wconf 55' lang='lat' dir='ltr'>p</span> <span class='ocrx_word' id='word_1_254' title='bbox 604 3894 646 3948; x_wconf 75' lang='lat' dir='ltr'>te.</span> <span class='ocrx_word' id='word_1_255' title='bbox 662 3902 719 3949; x_wconf 81' lang='lat' dir='ltr'>not.</span> <span class='ocrx_word' id='word_1_256' title='bbox 740 3889 769 3960; x_wconf 74' lang='lat'>1,</span> <span class='ocrx_word' id='word_1_257' title='bbox 788 3895 934 3954; x_wconf 75' lang='lat' dir='ltr'>Ducatuea</span> <span class='ocrx_word' id='word_1_258' title='bbox 943 3897 1019 3952; x_wconf 79' lang='lat' dir='ltr'>Ltott</span> <span class='ocrx_word' id='word_1_259' title='bbox 1029 3898 1154 3952; x_wconf 80' lang='lat' dir='ltr'>Andron.</span> <span class='ocrx_word' id='word_1_260' title='bbox 1170 3897 1285 3970; x_wconf 68' lang='lat' dir='ltr'>fraqam.</span> 
     </span>
     <span class='ocr_line' id='line_1_39' title="bbox 228 3978 1285 4057; baseline -0.002 -20"><span class='ocrx_word' id='word_1_261' title='bbox 228 3997 300 4054; x_wconf 72' lang='lat' dir='ltr'>pap.</span> <span class='ocrx_word' id='word_1_262' title='bbox 317 3981 370 4049; x_wconf 75' lang='lat'>665</span> <span class='ocrx_word' id='word_1_263' title='bbox 395 3978 487 4033; x_wconf 74' lang='lat' dir='ltr'>Moab</span> <span class='ocrx_word' id='word_1_264' title='bbox 511 3981 546 4033; x_wconf 88' lang='lat' dir='ltr'>de</span> <span class='ocrx_word' id='word_1_265' title='bbox 569 3979 680 4050; x_wconf 76' lang='lat' dir='ltr'>fabulis</span> <span class='ocrx_word' id='word_1_266' title='bbox 703 3979 845 4039; x_wconf 79' lang='lat' dir='ltr'>Atellania</span> <span class='ocrx_word' id='word_1_267' title='bbox 866 4001 936 4057; x_wconf 67' lang='lat' dir='ltr'>paq.</span> <span class='ocrx_word' id='word_1_268' title='bbox 956 3983 1021 4050; x_wconf 65' lang='lat'>1195</span> <span class='ocrx_word' id='word_1_269' title='bbox 1048 3980 1175 4037; x_wconf 81' lang='lat' dir='ltr'>Ellendt.</span> <span class='ocrx_word' id='word_1_270' title='bbox 1204 3997 1285 4036; x_wconf 82' lang='lat' dir='ltr'>eam-</span> 
     </span>
     <span class='ocr_line' id='line_1_40' title="bbox 232 4062 1287 4137; baseline 0.002 -17"><span class='ocrx_word' id='word_1_271' title='bbox 232 4073 356 4122; x_wconf 83' lang='lat' dir='ltr'>mentar.</span> <span class='ocrx_word' id='word_1_272' title='bbox 375 4063 415 4120; x_wconf 84' lang='lat' dir='ltr'>ad</span> <span class='ocrx_word' id='word_1_273' title='bbox 434 4063 560 4118; x_wconf 72' lang='lat' dir='ltr'>ciceron.</span> <span class='ocrx_word' id='word_1_274' title='bbox 578 4065 615 4120; x_wconf 85' lang='lat' dir='ltr'>de</span> <span class='ocrx_word' id='word_1_275' title='bbox 629 4062 711 4122; x_wconf 85' lang='lat' dir='ltr'>Orat.</span> <span class='ocrx_word' id='word_1_276' title='bbox 728 4064 761 4128; x_wconf 83' lang='lat'>11,</span> <span class='ocrx_word' id='word_1_277' title='bbox 778 4067 821 4122; x_wconf 77' lang='lat'>63.</span> <span class='ocrx_word' id='word_1_278' title='bbox 839 4068 890 4124; x_wconf 74' lang='lat'>255</span> <span class='ocrx_word' id='word_1_279' title='bbox 907 4075 936 4123; x_wconf 83' lang='lat' dir='ltr'>et</span> <span class='ocrx_word' id='word_1_280' title='bbox 953 4068 998 4122; x_wconf 88' lang='lat' dir='ltr'>lll.</span> <span class='ocrx_word' id='word_1_281' title='bbox 1018 4067 1119 4126; x_wconf 70' lang='lat'>1245.</span> <span class='ocrx_word' id='word_1_282' title='bbox 1170 4068 1203 4137; x_wconf 79' lang='lat'>5)</span> <span class='ocrx_word' id='word_1_283' title='bbox 1220 4066 1243 4121; x_wconf 82' lang='lat' dir='ltr'>l.</span> <span class='ocrx_word' id='word_1_284' title='bbox 1263 4068 1287 4122; x_wconf 82' lang='lat' dir='ltr'>l.</span> 
     </span>
     <span class='ocr_line' id='line_1_41' title="bbox 230 4149 1287 4228; baseline 0.002 -24"><span class='ocrx_word' id='word_1_285' title='bbox 230 4165 300 4224; x_wconf 68' lang='lat' dir='ltr'>paq.</span> <span class='ocrx_word' id='word_1_286' title='bbox 327 4150 376 4206; x_wconf 81' lang='lat'>193</span> <span class='ocrx_word' id='word_1_287' title='bbox 400 4157 429 4206; x_wconf 80' lang='lat' dir='ltr'>et</span> <span class='ocrx_word' id='word_1_288' title='bbox 453 4149 505 4205; x_wconf 73' lang='lat' dir='ltr'>tui</span> <span class='ocrx_word' id='word_1_289' title='bbox 528 4155 588 4208; x_wconf 73' lang='lat' dir='ltr'>uoi-</span> <span class='ocrx_word' id='word_1_290' title='bbox 612 4151 655 4214; x_wconf 79' lang='lat'>20.</span> <span class='ocrx_word' id='word_1_291' title='bbox 714 4150 743 4218; x_wconf 84' lang='grc'>6)</span> <span class='ocrx_word' id='word_1_292' title='bbox 768 4151 911 4208; x_wconf 72' lang='lat' dir='ltr'>uindiciae</span> <span class='ocrx_word' id='word_1_293' title='bbox 935 4154 1102 4228; x_wconf 72' lang='lat' dir='ltr'>traquediue</span> <span class='ocrx_word' id='word_1_294' title='bbox 1131 4151 1287 4208; x_wconf 74' lang='lat' dir='ltr'>Roowrrce</span> 
     </span>
     <span class='ocr_line' id='line_1_42' title="bbox 233 4234 878 4308; baseline -0.008 -21"><span class='ocrx_word' id='word_1_295' title='bbox 233 4251 301 4308; x_wconf 68' lang='lat' dir='ltr'>paq.</span> <span class='ocrx_word' id='word_1_296' title='bbox 322 4234 353 4287; x_wconf 84' lang='lat'>10</span> <span class='ocrx_word' id='word_1_297' title='bbox 369 4241 427 4288; x_wconf 82' lang='lat' dir='ltr'>not.</span> <span class='ocrx_word' id='word_1_298' title='bbox 448 4237 487 4290; x_wconf 68' lang='lat' dir='ltr'>ii.</span> <span class='ocrx_word' id='word_1_299' title='bbox 875 4274 878 4282; x_wconf 94' lang='lat'>.</span> 
     </span>
    </p>
   </div>
   <div class='ocr_carea' id='block_1_12' title="bbox 0 0 1392 4887">
    <p class='ocr_par' dir='ltr' id='par_1_13' title="bbox 0 0 1392 4887">
     <span class='ocr_line' id='line_1_43' title="bbox 0 0 1392 4887; baseline 0 0"><span class='ocrx_word' id='word_1_300' title='bbox 0 0 1392 4887; x_wconf 95' lang='lat' dir='ltr'> </span> 
     </span>
    </p>
   </div>
  </div>
 </body>
</html>
