2828 4892
633 269 880 342 ...210..

237 460 303 535 liei,
324 456 385 522 sed
406 456 484 522 boni
498 453 641 518 Saturnii
662 463 750 530 sunt,
772 461 809 516 ut
828 449 937 517 multis
961 461 1083 518 tantum
1102 456 1283 524 muneris

238 555 342 609 metro
372 539 506 605 heroico
536 537 687 626 adaptari
714 536 853 622 possint
904 537 998 612 Quae
1028 559 1101 604 oum
1132 541 1279 628 itojsine

239 650 305 695 uon
327 626 448 708 dubito,
470 624 547 710 quin
568 623 634 690 hoe
657 625 755 688 etiam
774 619 920 702 loeosut
942 625 1133 708 saepius-
1152 627 1194 691 de
1213 650 1283 714 qua

240 735 277 780 re
298 713 383 782 infre
402 720 519 794 egetur
535 747 578 758 -
594 710 688 774 Ennii
710 728 830 773 nomen
857 729 931 773 oum
951 708 1078 775 Naevio
1102 727 1281 780 eommuta-

241 813 309 879 turn
340 799 393 863 sit
437 796 481 860 Ut
509 795 664 862 heroicus
700 815 819 863 versus
846 796 1018 874 evaderet,
1048 796 1281 883 Spargentur·
1396 861 1397 868 ,

242 886 320 974 gius
340 883 444 948 verbe
465 881 515 947 sio
536 881 693 948 mutavit:

327 1003 418 1074 utque
440 997 575 1058 Anchisa
596 989 719 1069 ‹ioniu'‚
740 996 842 1058 Venus
865 1013 956 1070 quem
976 994 1085 1071 pulcre
1103 995 1238 1060 Deorum

326 1085 384 1144 ieri
406 1084 545 1156 donavit,
568 1083 700 1145 (livinum
721 1085 830 1160 peetus
851 1081 973 1140 habere.

240 1189 381 1256 Mettum
403 1186 591 1254 Saturnium
611 1208 633 1254 e
654 1183 823 1252 Schuettio
844 1185 895 1252 sie
916 1183 1094 1252 restituitur
1114 1187 1178 1272 (ite
1192 1201 1286 1258 certe
1398 1253 1399 1256 ,

241 1277 313 1364 ipse
338 1274 450 1356 dicio:

327 1389 462 1454 Anchisa
483 1387 592 1446 doetus
615 1387 705 1464 quim
727 1385 934 1461 pulcherrima
955 1384 1057 1446 divum
1078 1388 1141 1450 iilo

327 1475 419 1536 dosii
440 1473 573 1534 divinum
595 1477 630 1534 ut
651 1473 759 1549 pintus
781 1472 916 1532 habiret

242 1581 308 1647 Sed
331 1582 416 1646 bene
436 1599 512 1645 sese
533 1577 634 1644 habet
654 1587 812 1654 metrum,
833 1573 924 1641 nulla
945 1595 1031 1641 voee
1051 1587 1196 1644 mirum:

307 1779 462 1842 'Anchisa
488 1795 579 1853 quem
600 1777 703 1836 Ventis
723 1691 1053 1853 putcherrlrllturlivum
1074 1779 1137 1840 itta

327 1865 427 1938 (locet,
452 1863 585 1922 (lirinum
606 1865 642 1920 nt
662 1861 772 1939 peetus
792 1862 921 1920 heberet

242 1968 358 2038 melius
379 1969 477 2034 etium
498 1967 701 2052 transpositu
721 1987 787 2032 une
810 1986 910 2032 vooe:

327 2084 421 2144 docet
443 2084 576 2142 divinum
597 2087 634 2144 ut
653 2083 782 2146 heberet
802 2083 912 2159 peetus
933 2123 940 2140 .
960 2126 969 2141 .
987 2077 1023 2144 .‘.

242 2187 330 2253 Malo
360 2200 448 2254 certe
472 2187 662 2255 Schuettius
694 2207 768 2254 eum
797 2198 897 2272 poeta
925 2185 993 2272 egit
1014 2181 1286 2277 ejecta'Veneris

242 2293 337 2353 voce,
361 2294 458 2360 quem
479 2284 616 2358 uterque
636 2275 799 2356 interpres
820 2284 937 2338 tuetur.

327 2359 471 2424 Pertinet
491 2357 559 2424 hoo
580 2357 798 2442 fragmentum
819 2359 861 2422 ad
882 2357 1000 2424 librum
1021 2358 1158 2444 primum
1179 2372 1223 2440 et,
1253 2365 1284 2429 si
1403 2353 1404 2356 ¹

242 2443 309 2508 hoo
330 2445 428 2508 etiem
449 2442 525 2508 loeo
541 2442 680 2528 Virgilio
702 2443 847 2508 imitante
862 2442 1008 2510 Naevius
1022 2445 1152 2529 gaudet,
1173 2467 1285 2513 sermo

242 2537 295 2594 est
315 2528 356 2593 de
377 2527 508 2596 flamme
529 2526 595 2596 Juli
625 2549 665 2594 ou

241 2615 401 2701 praedicit
421 2625 573 2717 eventum
594 2550 768 2718 Apulises.
813 2613 965 2690 Ceterum
986 2617 1029 2682 de
1050 2617 1217 2684 divinandi
1238 2622 1285 2701 vi,

240 2700 700 2871 ffiallrffgffitullsnellw
720 2709 840 2788 poetae
859 2700 1041 2780 finxerunt,
1062 2703 1178 2771 confer
1199 2726 1287 2794 queo

751 2931 783 2994 5.

328 3039 465 3106 Servius
482 3043 535 3124 ³)r
562 3039 710 3108 Naevius
730 3039 857 3106 inducit
877 3057 998 3104 uxores
1015 3042 1147 3109 Aeneae
1167 3055 1199 3110 et
1215 3047 1284 3112 Au·

242 3123 353 3188 eldrue
380 3145 450 3190 cum
480 3128 625 3191 lacrimis
648 3127 744 3194 Itium
765 3125 868 3211 (falso
896 3125 1144 3216 spangenberg.
1174 3133 1284 3218 illum)

242 3211 464 3298 relinquentes
483 3211 535 3276 lu's
554 3211 679 3279 verbis:
769 3261 775 3278 ,

522 3301 524 3310 ’
831 3297 846 3360 .’
865 3343 872 3360 .
889 3342 898 3359 .
913 3303 1072 3365 amborum

327 3390 560 3448 murenarum
582 3389 716 3448 Troiade
736 3387 865 3448 exibent
888 3387 1042 3463 capitibus

327 3476 446 3550 opertis
462 3474 576 3554 flentes
598 3475 717 3548 umore,
740 3473 889 3536 abeuntes
910 3474 1049 3538 lacrimis
1071 3495 1139 3540 eum

327 3561 434 3621 multis
451 3558 495 3638 ⁴).

242 3661 331 3728 Bene
353 3664 450 3730 etiam
471 3665 519 3733 ite
540 3663 790 3734 distribuuntur:

826 3782 984 3842 umbonum
1006 3783 1115 3846 uxores

329 3861 423 3922 noctu
445 3865 577 3927 Troiade
600 3867 721 3926 eribant
743 3868 893 3943 eripitibus
920 3868 1035 3943 opertis

327 3949 433 4010 emble
455 3949 564 4012 flentes
587 3952 737 4013 abeuntes
757 3953 889 4014 liorimis
912 3972 982 4012 eum
1005 3954 1117 4016 multis.

243 4142 539 4285 tullii&
555 4143 596 4270 lt
614 4149 782 4291 little.
800 4152 843 4276 i.
863 4153 927 4277 'uf'
952 4153 1230 4299 iilirlliqffolffi
1249 4158 1289 4214 m

689 2539 725 2593 nt
750 2527 978 2614 lambente¹)‚
1010 2550 1030 2596 e
1059 2551 1124 2616 qun
1154 2530 1287 2601 felicem
1404 2575 1405 2580 κ
