2828 4892
664 272 910 348 ..qq-

249 477 331 546 qnos
355 456 457 528 Moto
477 460 513 521 in
535 475 617 541 opus
647 473 738 520 enam
767 475 837 520 oum
863 474 1046 540 paucorum
1070 456 1295 524 inmutatione

248 543 419 630 aneorum
449 564 472 608 a
492 541 652 610 ueteribus
676 543 850 606 transtulit.
897 541 942 608 El
972 545 1050 626 qnia
1080 544 1208 630 lonyune
1229 553 1291 622 eet,
1402 585 1403 600 η

248 633 417 698 uniuersae
438 649 551 696 aereas
570 649 611 694 ex
632 635 771 713 utroque
793 627 1046 708 transscribere,
1077 627 1180 694 libros
1206 639 1292 694 oete·

248 736 304 784 res
323 715 454 794 notabo,
477 724 522 794 nt,
545 717 718 801 quindei,
739 715 808 778 illie
830 715 860 778 le
881 713 966 782 enda
987 717 1218 800 aequalilatem
1241 719 1291 780 lo·

230 823 361 872 morum
399 801 599 953 congerendo
635 802 779 866 miretur.
861 819 884 866 n
918 802 1089 884 principio
1127 801 1293 868 Aeneidos

248 897 467 1061 mmor
485 973 550 1058 filii
571 981 603 1042 el
624 971 756 1054 Jupiter
787 992 858 1038 eam
878 973 919 1038 de
938 973 1128 1061 futurorum
1145 993 1289 1056 prospe-

247 1065 348 1128 ritate
376 1064 513 1126 solatur.
559 1059 624 1123 llio
653 1060 744 1124 looae
772 1065 858 1122 totae
886 1066 1007 1126 sumtus
1034 1080 1057 1122 a
1083 1059 1211 1124 Naeuio
1239 1070 1291 1124 est

471 887 643 953 eroribitar
675 893 709 952 et
737 883 843 950 Venus
871 886 963 970 opred
991 893 1106 952 Jooenr
1138 890 1292 973 quaereitur
1403 935 1404 954 i

247 1145 521 1232 examinatiore
549 1143 627 1212 belli
651 1144 778 1210 Punici.
825 1144 898 1208 lllio
926 1147 1009 1209 entim
1038 1165 1140 1230 aeque
1169 1145 1289 1223 Venus,
1403 1165 1404 1184 ἱ

253 1233 411 1321 Tnojonie
431 1239 617 1315 tempestate
646 1228 889 1309 laborantibus,
925 1251 995 1294 cnm
1017 1231 1098 1296 Joue
1127 1235 1289 1316 queniam,

247 1329 280 1386 et
301 1325 479 1405 sequuntur
509 1316 609 1383 neruo
632 1316 725 1384 Jour‘e
749 1315 853 1402 filiurn
889 1319 1090 1386 consolantis
1109 1339 1167 1402 spe
1196 1320 1290 1405 fatae
1327 1363 1334 1396 s

245 1425 367 1474 rarum.

741 1553 792 1620 lu.

332 1675 522 1744 Macrobius
536 1679 589 1762 ¹):
615 1675 761 1740 Naeuius
783 1672 868 1740 libro
885 1675 995 1762 primo
1017 1672 1093 1738 belli
1117 1673 1254 1743 Punici:

411 1791 569 1852 silvicolae
590 1792 735 1853 lemone'e
755 1790 908 1870 duellique
928 1783 1100 1850 inertees.

330 1895 535 1962 Hermannus
557 1915 688 1961 versum
709 1896 756 1961 ita
780 1895 911 1961 dividit:

799 2053 808 2069 .
831 2009 984 2070 silvicolae
1011 2010 1156 2070 hemanea

412 2096 545 2171 bellique
567 2097 681 2156 inertes
703 2139 711 2153 .
735 2137 743 2153 .
766 2141 775 2156 .
799 2139 807 2154 .

243 2197 331 2270 male
351 2199 540 2270 Sohueltius
1090 2293 1097 2300 ,

411 2315 566 2375 silvicolae
588 2313 732 2377 herndnes
755 2313 887 2391 bellique
909 2314 1032 2374 inertis.

327 2417 481 2501 Eprimo
503 2418 585 2483 libro
620 2417 707 2484 huno
737 2435 867 2484 versum
897 2440 972 2484 esse
995 2419 1140 2504 quamvis
1162 2418 1286 2482 diserte

243 2499 434 2569 Macrobius
461 2501 621 2583 affirmet,
652 2503 860 2570 nihilominus
889 2517 996 2570 minen
1018 2501 1145 2569 Merula
1173 2506 1287 2588 etqui

242 2607 318 2654 eum
345 2591 439 2678 sequi
467 2587 591 2658 assolet
620 2589 907 2676 Spengenbergius
935 2602 967 2656 et
989 2589 1193 2666 Sohuettins,
1225 2610 1284 2654 nu·

241 2695 367 2740 merum
389 2687 577 2762 corruptum
621 2688 761 2756 utanteS,
788 2678 820 2742 in
842 2677 977 2744 alterum
999 2675 1115 2741 librum
1138 2698 1212 2740 eum
1233 2676 1283 2740 in·
1406 2677 1407 2686 ’

240 2759 329 2832 ferre
350 2761 543 2828 nnaluerunt.
615 2763 730 2828 ertinet
750 2773 859 2828 autem
881 2764 952 2828 sine
973 2764 1070 2828 dubio
1090 2761 1135 2827 ael
1149 2762 1286 2828 Aeneae

240 2847 277 2912 in
304 2846 401 2914 Italia
429 2849 623 2928 adventum,
653 2850 708 2912 ubi
736 2870 810 2913 oum
840 2849 972 2933 populis
1005 2847 1084 2913 belli
1113 2849 1284 2928 inertibu8‚
1406 2879 1407 2918 3

241 2932 265 2999 i.
280 2953 309 2998 e.
332 2933 403 3000 sine
425 2945 494 2999 arte
516 2933 636 3000 bellum
660 2936 866 3018 gerentum,
897 2946 929 2999 et
951 2934 1109 3000 silvicolis
1116 2981 1129 3013 ‚
1161 2935 1286 3020 quippe

242 3021 287 3088 ab
312 3020 386 3104 ipso
416 3019 530 3086 Fauno
567 3021 710 3086 oriundis
727 3020 778 3106 2),
814 3019 940 3105 proelio
972 3022 1003 3085 ei
1036 3021 1283 3104 disceptandum

242 3113 315 3167 erat
331 3109 373 3184 ³).
416 3105 491 3170 Non
521 3105 607 3170 male
633 3105 732 3190 igitur
751 3105 879 3171 Merula
909 3118 941 3171 et
961 3105 1283 3192 Solruettiuslnume-

240 3209 313 3256 rum
334 3199 481 3257 mutasse
501 3192 668 3272 videntur,
698 3193 891 3277 praesertim
912 3193 946 3258 in
968 3192 1158 3273 Macrobio,
1188 3191 1285 3281 eujus

240 3294 285 3344 ue
304 3296 370 3340 uua
391 3277 519 3362 quidem
541 3287 650 3344 exstat
672 3278 769 3342 editio
792 3279 922 3358 anitiae,
943 3279 976 3344 in
999 3298 1064 3363 que
1084 3281 1197 3344 verine
1218 3279 1285 3344 sint

241 3361 419 3428 adnotatae
441 3361 611 3427 lectiones.
655 3362 873 3430 Nihilominus
903 3364 1070 3451 equidem,
1102 3365 1285 3452 usquedum

240 3447 329 3515 Janii
350 3448 491 3534 prodibit
513 3447 611 3515 editio
634 3450 764 3528 onitioa,
797 3471 890 3529 eum,
923 3471 1017 3538 quem
1041 3451 1137 3516 editio
1159 3451 1283 3535 Bipon-

242 3535 311 3599 tina
330 3536 485 3619 praebet,
513 3555 682 3600 numerum
708 3536 791 3600 tueri
812 3535 910 3601 malo.
955 3535 1067 3601 Verba
1088 3535 1185 3602 lovis
1206 3557 1284 3604 esse

242 3620 393 3685 videntur
422 3621 545 3688 Veneri
573 3621 810 3706 praedicentiS,
846 3641 930 3707 quae
960 3623 1095 3690 Aenean
1128 3637 1284 3688 moneant

242 3702 313 3769 feta
326 3708 382 3786 ⁴),
412 3718 444 3772 et
474 3710 517 3774 ad
552 3727 635 3795 quas
663 3718 781 3796 gentes
812 3720 1029 3793 perventurus
1051 3709 1102 3772 sit.
1145 3709 1230 3774 Nem
1252 3713 1283 3775 si

240 3787 399 3854 historice
418 3805 624 3872 narraretur,
651 3795 829 3881 pertineret
856 3795 922 3861 hoo
942 3792 1158 3881 fragmentum
1180 3796 1222 3860 ad
1244 3796 1282 3861 li·

238 3878 331 3945 brum
353 3878 542 3947 seeundum.

239 4002 446 4019 -n--u——n

308 4091 337 4156 l)
362 4087 483 4144 Solum.
499 4089 545 4144 vl.
571 4094 596 4145 5.
619 4109 692 4166 paq.
714 4093 770 4147 181.
794 4095 839 4148 erl.
869 4091 936 4163 Rip.
994 4092 1023 4158 2)
1051 4090 1207 4148 Soleoeter
1240 4095 1282 4146 ad

238 4171 475 4230 Prendo-Aurel.
507 4176 574 4232 Vter.
605 4177 734 4233 libellam
766 4177 802 4234 de
826 4182 897 4252 utiq.
922 4185 999 4249 qenl.
1031 4177 1114 4232 Rom.
1145 4195 1217 4250 paq·
1235 4178 1280 4234 3⁴2.

239 4259 271 4329 ³)
290 4249 378 4312 Blnm
395 4258 415 4312 l.
434 4258 453 4313 l.
472 4276 540 4333 paq.
559 4261 600 4316 53.
654 4265 685 4330 l)
710 4261 785 4336 Virq.
805 4262 872 4318 Aen.
891 4261 910 4315 l.
928 4263 979 4320 257
994 4279 1052 4332 sqq.
