2776 4892
561 199 903 328 'muue-

246 440 406 528 lr'quidonu
436 455 566 512 versum
582 453 585 458 ·
600 436 648 508 its
674 433 832 505 distribuo
869 449 903 504 et
931 454 1007 507 oum
1034 434 1158 519 utem,
1195 456 1295 524 qoem

246 528 355 594 Varro
379 526 537 603 servavit,
559 523 740 608 conjungo:

289 645 362 704 Tur..
386 644 451 702 sine
474 641 514 699 mi
543 657 651 718 genero
677 655 794 708 morsm
814 636 919 696 ridear
939 634 1055 715 lingue.
1098 635 1198 696 Hune.
1234 641 1293 700 Ve-

696 737 703 748 ·
975 740 1054 798 rum,
1076 721 1206 802 lingula.

288 815 351 873 Tun
354 851 666 876 .........
700 809 797 874 Hunc.
819 807 982 867 Enimvero
1004 808 1097 887 gladii
1119 807 1250 888 lingula.

246 920 405 986 Telamon
434 919 535 994 enim,
572 915 738 982 Hesionae
770 913 924 999 precibus
953 925 1079 996 motus,
1117 913 1292 982 Herculem

246 1017 331 1086 orat,
355 1017 390 1070 ut
413 1005 475 1070 sibl
496 1002 607 1081 liceat,
627 1003 646 1067 i.
666 1021 695 1071 e.
717 1004 785 1068 siae
808 999 1029 1078 militiaeue,
1052 999 1217 1070 Hesionen
1240 1025 1292 1067 sn,

246 1093 327 1170 lari,
348 1093 370 1160 i.
386 1111 414 1156 e.
439 1107 556 1156 morem
575 1107 694 1177 perere
716 1089 851 1176 imputo:
881 1088 932 1152 eui
955 1086 1132 1167 Hercules,
1163 1087 1292 1172 lingens

245 1199 284 1250 se
303 1175 525 1254 intellexisse,
555 1173 641 1239 velle
663 1173 873 1239 Telamonem
905 1170 1049 1255 lingula,
1079 1195 1145 1238 non
1179 1175 1292 1256 lingua

245 1285 369 1336 morem
393 1281 509 1347 gerere
529 1261 711 1332 Hesionae:
734 1279 853 1332 veroum
879 1261 1067 1343 respondet,
1090 1262 1217 1348 linpnlo
1233 1262 1292 1336 iu,

246 1363 337 1418 reete
358 1349 460 1432 diois,
482 1345 615 1431 Ungula.
661 1345 826 1412 Partioula
848 1346 932 1409 enim
954 1365 1150 1411 :mommsen
1173 1349 1291 1412 adver-

246 1439 352 1507 sativa
374 1435 440 1500 hoo
461 1435 536 1499 loeo
558 1445 628 1510 est,
651 1434 711 1497 sed
732 1433 857 1497 leonine
879 1429 1171 1515 adstipulantis1).v
1217 1431 1290 1498 Jam

123 1559 127 1568 ·
245 1545 326 1588 vero
349 1521 555 1608 quaesivisse
575 1519 704 1584 videtur
724 1518 902 1596 Telamon,
925 1539 1099 1604 quamnam
1123 1520 1212 1582 dieat
1234 1519 1291 1584 liu„

247 1609 376 1692 gulam,
396 1608 509 1674 variae
531 1607 616 1674 enim
639 1616 731 1671 erant
751 1602 897 1692 lingulae
918 1615 951 1669 et
982 1603 1291 1690 diversissinroe.²)3

195 1697 216 1774 ᾗ
246 1699 424 1772 retinuero,
446 1690 605 1762 Hercules
627 1693 691 1770 ait,
710 1692 820 1778 pluuiis·
841 1693 976 1777 liupulo.

332 1806 438 1880 Quum
463 1803 626 1870 Groeoam
648 1800 794 1873 fabulam
821 1813 955 1868 secutus
976 1801 1019 1868 sit
1039 1800 1205 1883 Naevius,
1236 1823 1293 1868 ne

246 1893 337 1976 scio:
366 1893 408 1962 de
430 1891 562 1960 Graeco
582 1890 670 1960 enim
697 1887 811 1956 fabula
830 1889 976 1962 Hesiona
997 1887 1042 1958 nil
1063 1887 1202 1962 relatum
1228 1902 1290 1956 est.
1379 1897 1380 1904 ’

675 2039 854 2128 spiipenia..

330 2163 435 2254 Hujus
457 2164 555 2234 etiam
576 2161 709 2237 fabulae
729 2184 814 2229 unus
836 2173 958 2232 tantum
982 2172 1134 2246 superest
1161 2183 1294 2243 versus,

244 2253 338 2338 isque
360 2252 624 2334 corruptissimus
647 2262 679 2315 et
700 2271 722 2316 e
743 2250 877 2320 summis
900 2248 1020 2314 frustra
1042 2259 1182 2314 vexatus
1202 2250 1292 2320 viris·

243 2335 412 2404 invenitur
433 2337 519 2419 apud
535 2334 675 2400 Nonium
689 2338 744 2417 3);
767 2355 944 2418 passura,
966 2343 1140 2414 extensum,
1158 2344 1295 2420 patens.
1342 2366 1348 2378 ·

248 2423 395 2492 Noeouus
414 2421 607 2510 ,lpiipeot'm

285 2539 384 2614 pa'ssn
397 2537 489 2596 uelud
502 2537 561 2599 letio
575 2538 718 2610 uicinum,
741 2537 857 2614 aquila,
880 2538 959 2596 rinus
975 2537 1098 2598 lurtum
1116 2533 1167 2614 [ἐν
1186 2535 1296 2614 sorus:

243 2644 331 2714 lieri
357 2643 508 2729 Efipeato
535 2655 568 2710 et
597 2646 649 2708 uel
677 2642 738 2706 lroe
759 2661 787 2706 o.
809 2645 964 2728 aquilone
992 2643 1129 2708 lorium.
1173 2643 1294 2708 Emen-

243 2733 361 2794 ‹lanrnt
383 2740 542 2816 quotquot
572 2731 606 2796 in
635 2727 834 2814 explicando
863 2728 929 2796 itoe
951 2729 1027 2796 loeo
1050 2730 1295 2804 versuumn:

243 2814 426 2882 Mereerius
444 2819 496 2896 ⁴):
762 2817 769 2838 '

327 2951 420 3011 passe
441 2931 508 2992 uelo
529 2933 672 3004 ricinum,
693 2929 816 3007 Aquilo,
838 2929 869 2988 iu
891 2933 1016 3007 portum
1036 2931 1099 2994 nrt
1120 2932 1224 3010 orias3

242 3038 429 3106 Hadrianus
450 3036 586 3102 Junius:

327 3171 420 3234 passo
442 3153 511 3222 velo
533 3154 663 3220 uicinam
684 3151 837 3229 Aquilone
858 3151 976 3218 horiam
999 3153 1061 3214 ieri
1082 3153 1188 3234 loras3

240 3261 390 3348 Lipsius:

325 3373 508 3458 pastorale
530 3375 662 3434 ricinum
684 3372 835 3450 Aquilone
857 3375 925 3433 ortu
946 3374 995 3438 ier
1016 3374 1122 3454 loras3

238 3483 350 3554 Dolrio
372 3503 440 3548 non
463 3478 582 3566 liquet:
603 3475 765 3546 Vossius:

323 3619 415 3678 passo
438 3595 506 3658 uelo
530 3597 568 3660 ub
582 3593 614 3672 ⁵)
631 3596 765 3660 ricinum
782 3595 936 3674 Aquilune
962 3598 1087 3676 portum
1113 3597 1162 3656 ier
1184 3599 1289 3672 lorus:

239 3705 393 3772 Bothius:

324 3838 415 3906 passo
432 3819 521 3879 relod
540 3818 620 3882 hanc
639 3817 772 3882 vioiunm
790 3817 933 3893 Aquiloni
949 3821 1073 3895 portum
1092 3818 1245 3896 perferas,

309 3995 335 4062 l)
353 3993 461 4049 Donet.
480 3991 520 4048 ud
541 3991 653 4047 Terenti.
671 3989 802 4054 Euenolt.
820 3989 854 4054 ll:
869 3990 895 4046 3.
913 3992 955 4054 55.
969 3991 1035 4064 trip
1052 3981 1172 4053 Porioi,-
1191 3989 1291 4045 Heau-

239 4060 314 4133 amr?
335 4079 369 4132 v.
394 4078 419 4132 a.
442 4077 481 4131 n.
532 4077 561 4143 u)
582 4076 670 4132 Paul.
696 4075 820 4132 mano.
842 4092 913 4150 paq.
943 4075 991 4133 ue
1014 4069 1119 4140 mmet,
1170 4077 1200 4145 a)
1218 4096 1240 4130 a.
1261 4096 1289 4132 a.

236 4180 356 4236 passum
375 4179 447 4236 pap.
472 4161 524 4216 370
548 4159 592 4214 Μ.
617 4162 670 4218 252
696 4161 731 4216 G.
782 4163 811 4230 t)
830 4161 870 4215 ad
897 4161 969 4215 Nun.
992 4177 1062 4235 pop.
1084 4163 1145 4221 751.
1196 4165 1226 4232 5)
1246 4165 1291 4220 ob

233 4265 293 4323 pro
310 4249 358 4302 ud
369 4250 500 4322 positum
517 4247 610 4308 utar.-
626 4247 666 4317 σί.
685 4247 762 4306 Fest.
778 4265 848 4322 pop.
869 4247 919 4304 no
934 4245 1034 4304 noete.
