2802 4908
579 267 856 344 -216-

199 446 344 532 nouom,
371 451 471 534 puto',
498 447 622 527 Ennio,
652 467 738 534 quse
763 446 905 531 lingeret
931 455 967 513 et
993 466 1083 514 nova
1113 448 1243 516 ratione

199 545 389 618 exponeret.
430 533 498 602 Sed
519 537 699 601 moeream
717 535 898 618 scripserat
919 532 1077 614 Naevius,
1097 535 1118 600 i.
1137 555 1167 600 e.
1188 557 1242 601 re·

199 640 271 686 rum
293 620 438 686 ordinem
459 619 598 688 fideliter
618 631 652 686 et
677 620 842 686 mamantis
869 619 975 688 instem
1001 631 1134 686 secutus
1157 632 1242 701 erat,

199 716 236 772 ut
263 704 346 771 fides
373 705 445 794 ejus
472 707 683 793 descriptioni
717 716 808 776 esset
836 725 971 771 summa.
1022 706 1242 774 Nihilominus

199 789 288 858 haud
309 803 466 860 accurate
487 792 604 861 Cicero
626 793 812 879 disputasse
832 791 979 872 videtur,
1006 813 1081 858 oum
1103 793 1243 877 primurn

201 897 332 964 quoque
369 877 491 946 bellum
523 880 682 946 Punicum
717 880 760 944 ah
788 877 891 946 Ειιιιίο
924 879 1109 962 expositum
1138 878 1246 944 fuisse

200 961 342 1048 plurima
369 963 603 1054 fragmenta1)
639 971 808 1032 testentur.
858 964 954 1038 Quae
983 985 1058 1029 curn
1089 965 1136 1030 ita
1166 965 1245 1044 sint,

202 1049 373 1116 Ciceronis
394 1053 498 1118 verba
518 1053 565 1118 ita
583 1049 795 1134 intelligenda
813 1061 909 1132 suut,
935 1062 972 1116 ut
991 1051 1135 1127 Ennius,
1166 1071 1244 1116 cunr

199 1154 222 1199 e
234 1135 360 1202 Naevio
380 1134 446 1203 hoc
467 1137 588 1204 bellum
608 1135 790 1202 luculenter
803 1145 988 1208 errarratum
1004 1157 1080 1200 esse
1102 1135 1243 1216 videret,

133 1229 136 1238 “
199 1219 334 1287 brevius
353 1222 386 1287 id
408 1227 599 1290 tractaverit
619 1235 652 1288 et
673 1221 829 1302 lectores,
849 1233 886 1287 ut
906 1241 1025 1288 versus
1041 1221 1089 1287 illi
1103 1223 1136 1286 in
1154 1223 1241 1287 Nae-

199 1305 288 1373 vium
308 1310 422 1393 soripti
445 1311 582 1387 docent,
614 1309 657 1375 ad
679 1308 884 1375 Naeuianum
911 1328 1044 1373 carmen
1070 1307 1244 1392 relegave-

199 1392 261 1471 rit,
290 1392 401 1480 itaque
422 1396 547 1462 Naevio
576 1395 611 1461 id
638 1396 734 1480 qnasi
761 1392 935 1479 reliquisse
958 1393 1066 1460 dictus
1088 1397 1141 1459 sit.
1184 1394 1242 1460 Hi·

200 1478 355 1544 storloum
377 1481 475 1565 igitur
495 1481 560 1548 hoc
582 1490 653 1546 erat
674 1483 794 1565 pottma
823 1491 856 1545 et
879 1481 922 1546 ad
944 1480 1038 1564 ipses
1059 1491 1243 1564 temporum

199 1567 345 1630 rationes
374 1579 549 1633 exactum..
578 1567 728 1651 Namque
756 1565 972 1649 fragmentum
988 1572 1019 1645 ι)
1049 1576 1174 1648 exstat,
1206 1567 1246 1632 iu

201 1656 265 1738 quo
288 1671 349 1735 per
369 1656 542 1736 septimum
564 1653 723 1719 decimum
745 1650 824 1718 balli
843 1673 964 1717 annum
979 1654 1157 1718 exercitum
1172 1652 1242 1717 Ro-

200 1755 330 1802 manum
361 1741 476 1806 eodem
513 1740 589 1806 loeo
628 1740 757 1804 sedisse
788 1749 958 1816 narratur,
994 1749 1030 1803 ιιι
1064 1737 1243 1804 verisimile

199 1821 278 1888 mihi
300 1826 428 1910 quidem
449 1826 511 1905 sit,
531 1827 640 1911 ipsum
663 1845 795 1890 carmen
817 1845 839 1890 a
858 1823 1082 1908 Lampadione
1106 1825 1148 1890 ad
1170 1845 1243 1890 cer·

200 1918 253 1972 tos
274 1931 380 1976 annos
402 1911 619 1992 consulares,
650 1930 735 1996 quos
755 1911 828 1999 ipse
848 1914 950 1998 poe'tu
969 1921 1187 1998 respexerat,
1207 1911 1245 1978 iu

200 1991 302 2061 libros
324 1999 493 2068 redactum
513 1998 617 2065 fuisse
631 1999 676 2082 ³).

285 2115 382 2190 Quod
406 2137 485 2185 vcro
508 2117 551 2184 ad
574 2119 658 2183 duos
677 2113 781 2182 libros
802 2115 931 2202 priores
953 2111 1088 2194 attinet,
1120 2114 1145 2180 il
1167 2133 1246 2180 oum

200 2203 643 2359 retrituratur
662 2201 1245 2372 ltt¹¹ltltttltttnltttltt

199 2373 263 2437 dus
284 2377 337 2442 slt.
378 2337 528 2463 Narhque
555 2375 731 2466 mythicam
753 2374 880 2439 Romae
908 2383 941 2438 et
962 2371 1171 2456 Carthaginis
1191 2372 1246 2438 hi·

69 2489 70 2494 ¹
199 2459 336 2525 storiam
365 2461 533 2546 praemisit
562 2460 746 2526 enarrando
776 2457 863 2526 bello
886 2458 1010 2524 Punico
1044 2459 1148 2544 primo
1180 2459 1246 2538 ite,

199 2553 236 2610 ut
257 2545 407 2629 omissis,
436 2569 521 2636 quae
542 2547 619 2632 inde
640 2567 663 2612 a
684 2545 817 2612 coudltu
837 2544 945 2613 Roma
972 2565 1077 2634 nsque
1098 2543 1140 2609 ad
1161 2543 1247 2612 belli

200 2628 292 2700 initia
320 2632 409 2702 sacta
437 2645 550 2716 erant,
582 2655 606 2702 a
632 2634 732 2698 rebus
759 2631 903 2719 antiquis
932 2632 1042 2696 statim
1074 2631 1118 2694 ad
1147 2651 1246 2698 snam

200 2728 342 2786 aetatem
369 2723 542 2800 transiret,
569 2715 722 2804 neglecto
753 2715 1062 2803 quadringentorum
1082 2737 1246 2784 annorum

200 2806 334 2892 spatio.'
361 2805 472 2896 Atque
499 2807 565 2872 hoc
597 2825 727 2894 quoqne
754 2802 831 2870 loco
860 2803 1021 2870 Naevium
1052 2801 1247 2870 historicum

199 2892 325 2976 magis,
358 2911 456 2980 quam
477 2897 610 2982 potitam
631 2893 761 2977 egisse,
783 2890 1033 2956 demonstratur.
1078 2887 1124 2953 Ut
1144 2889 1245 2970 enim,

199 2977 470 3062 quemadmodum
492 2999 601 3046 rerum
632 2980 812 3062 scriptores
840 2973 951 3043 secere
973 2975 1098 3057 solent,
1126 2976 1246 3040 utrius·

201 3082 264 3150 quc
286 3067 393 3146 gentis
425 3078 459 3130 ct
479 3065 701 3132 Romanorum
732 3073 765 3128 et
793 3061 1111 3146 Carthaginiensium
1139 3060 1245 3126 inimi-

201 3147 297 3214 citias
325 3153 369 3215 ab
399 3150 511 3218 ultima
542 3151 734 3302 antispuitate
762 3159 943 3234 repeteret,
976 3147 1087 3232 itaque
1121 3166 1247 3214 causas

199 3235 341 3301 maxime
376 3236 564 3304 recondltas
599 3235 622 3301 il
635 3247 777 3301 ustraret
809 3245 841 3300 et
872 3231 995 3300 auxilia
1026 3245 1246 3312 enumeraret,
1330 3299 1334 3304 .

198 3321 359 3413 prooemii
379 3323 482 3388 instar
503 3331 674 3408 utrumque
695 3319 785 3386 illurn
806 3321 923 3386 librum
945 3320 1121 3406 praemisit.
1164 3317 1246 3386 Noli

198 3425 279 3474 vero
302 3409 473 3490 arbitrari,
506 3409 539 3473 ln
561 3407 615 3474 his
636 3428 766 3494 quoque
787 3407 924 3475 eundem
947 3417 1045 3490 atque
1065 3406 1098 3469 in
1123 3407 1246 3472 ceteris

199 3492 292 3561 libris
320 3515 397 3564 sese
428 3495 616 3564 exhibuisse
642 3495 812 3560 Naeuium.
861 3491 947 3560 Nam
977 3491 1010 3556 in
1040 3489 1247 3562 illustrandis

198 3581 300 3647 rebus
320 3582 386 3649 illis
414 3580 577 3648 fabulosis
607 3586 640 3645 et
667 3581 700 3646 in
732 3577 932 3646 celebrando
951 3577 1123 3645 Romanae
1144 3579 1247 3660 origi·

198 3667 252 3732 nie
281 3667 387 3752 gloria
425 3669 556 3754 podtico
594 3667 731 3732 incessit
761 3675 879 3733 ornatu
908 3675 942 3729 et
968 3684 1038 3728 rern
1072 3683 1167 3730 snam
1195 3664 1248 3730 ita

199 3765 376 3820 exsecutus
406 3766 475 3833 est,
511 3766 546 3821 ut
573 3753 731 3837 Virgilius
760 3774 780 3817 e
808 3750 926 3816 Naevii
954 3749 1065 3836 potius
1093 3761 1247 3816 stercore

198 3840 263 3926 (ite
282 3841 368 3906 enim
389 3840 483 3920 dicit)
506 3859 639 3908 aureum
668 3859 762 3908 suum
793 3836 879 3908 colle
903 3837 970 3901 ‘sse
997 3835 1155 3900 dicendus
1186 3836 1245 3914 sit,

199 3946 297 4012 quam
319 3926 476 3992 exEnnii
500 3923 702 4002 Annalibus,
735 3923 789 3988 vel
819 3857 940 4076 dpplhx
968 3919 1090 3986 furtum
1118 3922 1247 3990 factum

199 4014 256 4096 sit,
277 4013 374 4084 Ennii
396 4033 415 4079 e
434 4011 550 4079 Naevii
573 4009 660 4080 hello
681 4009 821 4088 Punico,
876 4007 974 4095 ingilii
995 4027 1038 4076 ex
1058 4007 1156 4078 Ennii
1172 4007 1247 4074 An-

198 4159 404 4176 m
471 4159 474 4164 ¹

268 4257 297 4324 1)
315 4255 353 4327 os.
370 4257 417 4314 lto.
435 4255 491 4312 Vll.
544 4257 573 4322 2)
591 4255 635 4316 Vl·
658 4264 679 4315 l·
731 4261 760 4325 3)
779 4203 902 4329 σι’..ραψ
922 4258 964 4313 32.
1007 4303 1010 4308 .
1134 4287 1138 4294 ·
