2776 4892
626 265 900 336 -122-

333 447 451 514 Poena
471 446 645 510 decoratae
664 443 752 530 facis
771 444 814 510 du
836 442 970 528 pellium
983 443 1064 512 seris
1072 445 1211 522 Punicis
1229 452 1284 518 de-

242 545 418 600 tracturum
440 543 556 598 ornatu
577 528 726 612 iutelligit
738 529 883 609 Dehine,
905 533 947 596 de
967 529 1130 611 leonibus,
1145 537 1284 620 tigribus

240 619 380 704 aliisque
401 618 596 684 animalibus
619 615 747 694 efferis,
776 615 887 701 qualia
907 617 1020 684 Africa
1041 619 1138 686 tellus
1162 645 1284 712 magno

240 729 373 773 numero
396 707 566 789 producat.
610 701 805 787 Obloquitur
818 703 968 768 Vossius.
1018 705 1151 772 Pennas
1174 713 1284 778 avium

238 792 422 876 intelligunt
451 791 587 856 Bothius
605 787 883 872 Dueutzerusque,
917 791 1019 856 verba
1040 791 1187 877 Lycurgi
1209 817 1284 864 csse

238 880 320 956 rati,
344 899 365 943 a
387 879 561 942 venatione
578 875 752 940 redeuntis.
795 875 880 939 Num
912 877 1064 958 ambigue
1082 879 1174 965 loqui
1197 882 1284 948 Nae·

238 966 312 1029 vius
334 963 491 1046 voluerit,
519 975 555 1028 ut
584 962 704 1038 Poeni,
733 973 802 1026 tum
829 960 935 1026 altero
965 963 1051 1029 helio
1075 978 1193 1032 contra
1215 968 1282 1034 Ro-

237 1071 354 1116 manos
376 1051 588 1126 dimicanteS,
617 1045 753 1132 intelligi
775 1051 956 1130 potuerint,
978 1048 1137 1116 affirmari
1159 1057 1280 1139 nequit.

237 1135 379 1204 Servata
408 1148 515 1204 autem
546 1134 702 1200 librorum
731 1137 894 1218 scriptura
925 1136 972 1201 ita
1001 1136 1219 1221 interpretor,
1247 1165 1268 1208 u

235 1222 394 1291 Bacchae
423 1223 510 1306 apud
532 1221 638 1285 Deum
669 1242 762 1285 suum
784 1232 981 1306 querantur,
1003 1243 1060 1301 se,
1084 1227 1261 1290 venanda¹

236 1309 365 1374 deditas
394 1331 416 1374 a
436 1309 589 1394 Lycurgo
618 1306 696 1372 loco
728 1309 845 1371 cedere
869 1309 985 1392 jussas
1008 1327 1101 1388 csse,
1137 1315 1283 1398 quodni

234 1394 402 1474 facerent,
431 1395 600 1460 acerrimis
628 1413 706 1458 sese
734 1394 767 1458 in
789 1393 943 1458 Bacchas
974 1397 1175 1463 saeviturum
1206 1419 1285 1466 csse

234 1483 362 1568 poenis,
406 1481 503 1556 Quod
525 1482 610 1546 enim
632 1481 788 1544 decorari
807 1482 923 1562 poeuis
945 1481 1115 1561 dicuntur,
1138 1504 1191 1549 mc
1213 1488 1282 1574 qui·

235 1569 308 1632 dem
330 1591 396 1633 non
417 1568 569 1644 offendit3
590 1567 733 1652 Lycurgi
755 1567 840 1632 enim
855 1567 1012 1630 atrocitas
1027 1567 1184 1649 Bacchis,
1196 1594 1283 1658 quae
1383 1573 1384 1618 t

232 1654 465 1738 pantherarum
488 1665 521 1719 et
541 1652 779 1739 hinnuleomm,
790 1651 930 1736 pellibus
952 1652 1082 1720 indutae
1104 1669 1217 1739 erant,
1238 1660 1281 1723 ir-

231 1741 362 1822 rideus,
391 1761 429 1805 se
448 1743 535 1830 feris
551 1741 670 1824 poenis
690 1761 747 1804 aas
772 1740 1002 1804 deauratarum
1032 1761 1108 1804 esse
1137 1743 1281 1812 minatus

231 1837 310 1895 erat.
355 1827 468 1912 ltaque
496 1826 595 1979 plane
627 1836 720 1890 recta
742 1836 793 1890 est
816 1825 915 1890 Delrii
948 1827 1159 1920 interpretio,
1181 1833 1281 1898 modo
1383 1851 1384 1880 ¹

231 1914 476 2000 ambiguitatem
510 1935 532 1978 n
553 1913 606 1980 his
627 1912 740 1978 verbis
761 1913 873 1978 inesse
895 1912 1011 1978 addas.

724 2093 777 2158 20,

313 2215 441 2280 Nonius
455 2218 507 2303 ῆι
530 2213 657 2282 schem
676 2222 804 2280 neutro.
854 2211 1002 2278 Naevius
1026 2213 1203 2304 Iacarpo:

496 2329 622 2410 perpite
643 2334 840 2408 thyrsigerae
861 2331 1013 2390 Bacchae

393 2420 484 2478 mado
505 2419 687 2478 Bcicchc'aco
708 2436 777 2475 cum
800 2417 967 2475 schemata.

226 2527 385 2612 iprmperc
415 2521 566 2588 Brchcac
601 2522 697 2587 codd.
731 2520 842 2599 Gerl.;
880 2521 1083 2608 thyrsigerac
1118 2521 1282 2593 Bacchae

226 2612 315 2676 editt.
346 2611 463 2676 Venet.
484 2609 577 2674 1596.
610 2609 711 2673 Marc.
738 2608 830 2687 Jun.;
863 2607 1028 2672 Bacchica
1059 2609 1150 2698 libri3
1186 2609 1283 2678 Bac-

150 2759 154 2770 ,
224 2697 341 2763 chicce
370 2699 455 2783 conj.
477 2696 538 2761 Th.
561 2695 682 2778 Bergk.
701 2701 752 2776 3);
782 2695 908 2762 schania
937 2695 1061 2760 mavult
1089 2695 1280 2784 Bothiu54)

225 2797 342 2850 contra
365 2785 521 2847 disertum
541 2783 640 2847 Nonii
663 2783 879 2846 testimodium
898 2784 929 2862 ⁵)
952 2793 985 2845 et
1007 2795 1161 2864 metrum,
1184 2785 1281 2869 qnod

224 2856 469 2956 paroeiniacum
497 2880 589 2934 vetat
618 2869 772 2952 excipere
800 2869 1054 2952 paroemiacum.
1098 2871 1165 2933 Sed
1200 2893 1281 2954 per·

223 2979 355 3024 versum
383 2947 558 3024 da'metro
590 2967 642 3020 est
671 2954 778 3019 Bothii
801 2956 972 3042 judicium.
1023 2957 1108 3020 Nam
1139 2977 1281 3025 versum

225 3046 273 3126 (in
297 3065 395 3108 unum
417 3044 502 3108 euim
525 3043 642 3107 ambus
670 3041 861 3128 conjungit)
891 3062 964 3104 cum
993 3054 1096 3106 metro
1118 3042 1278 3112 Archilo-

224 3129 301 3195 chio
323 3140 437 3214 quarto
453 3142 484 3201 ⁶)
508 3127 694 3210 componit,
724 3127 822 3212 quale
853 3128 940 3212 apud
970 3130 1123 3214 antiquos
1146 3129 1276 3196 Roma*

222 3237 340 3282 norom
377 3226 494 3300 poetas
529 3214 693 3278 invenitur
728 3213 860 3278 nullum.
918 3213 1029 3288 Quid?
1072 3216 1159 3299 quod
1200 3215 1275 3283 alio

222 3301 346 3386 loco⁷)
369 3321 500 3366 versum
529 3310 753 3383 asynartetum
784 3301 880 3378 dicit,
911 3301 1129 3384 compositum
1162 3322 1182 3365 e
1211 3305 1275 3368 tri-

220 3402 325 3458 metro
347 3389 468 3473 dactyl.
492 3399 525 3453 et
546 3389 670 3452 dimetr.
693 3397 771 3454 eret.
814 3386 904 3456 Male
925 3389 1022 3452 etiam
1039 3387 1184 3454 Vossius
1202 3399 1275 3456 trc-

220 3478 372 3546 chaicum
394 3477 474 3542 dicit
494 3495 636 3540 versum.
683 3471 750 3540 Sed
765 3475 1035 3562 perversissimus
1049 3473 1272 3556 Duentzerus‚
1383 3523 1384 3528 η

220 3566 277 3652 qui
298 3583 415 3632 versus
435 3563 483 3631 ita
503 3563 711 3629 distributos:
772 3639 776 3644 ‚

289 3842 319 3912 1)
336 3841 483 3894 cenationi
506 3843 583 3895 enim
607 3853 728 3912 operam
752 3837 886 3896 auectas
910 3837 1022 3894 dedisse
1044 3854 1083 3892 ec
1106 3837 1270 3908 *Euripidis

219 3927 327 3984 Bacch.
352 3926 404 3982 699
417 3944 476 3998 aaa.
495 3927 684 3982 concluditur.
734 3925 765 3993 ἓ)
782 3943 806 3980 a
823 3943 848 3981 a.
865 3925 981 3982 schema
996 3943 1065 4000 pap.
1082 3924 1135 3980 225
1151 3921 1196 3978 M.
1217 3921 1270 3977 153

220 4016 253 4070 G.
307 4015 336 4084 3)
354 4017 385 4068 in
402 4011 479 4068 Mus.
496 4013 589 4069 Rhea.
606 4011 652 4066 111.
669 4029 739 4086 pag.
755 4013 799 4068 75.
850 4013 880 4084 t)
899 4013 931 4067 ia
947 4007 1024 4068 Μω.
1041 4009 1134 4064 Rhea.
1143 4008 1176 4064 V.
1191 4025 1263 4081 pap.

216 4098 275 4154 270.
327 4099 356 4164 5)
389 4095 428 4168 cf·
449 4097 547 4155 Osann
571 4099 710 4172 Bcitrcipe
731 4095 763 4151 ΙΙ.
791 4114 864 4173 pap.
880 4097 940 4154 302.
994 4098 1026 4168 6)
1050 4095 1159 4172 fragrat.
1186 4099 1263 4166 trag.

209 4201 281 4257 pag.
299 4182 341 4236 88.
396 4183 424 4249 7)
442 4189 475 4241 in
491 4181 566 4240 Mas.
585 4183 676 4240 Rhea.
695 4183 716 4240 i.
732 4183 752 4237 l.
