2778 4900
495 304 769 374 *ild—-

645 491 773 568 pergite,
795 489 984 569 thyrsigerae

258 571 411 650 Bacchae,
437 575 528 634 modo
551 572 705 636 Bacchico
728 594 798 636 cum
820 575 983 636 schemate.

108 675 249 746 alterum
271 699 291 743 e
312 679 398 744 serie
420 679 580 768 dactylica
609 679 820 760 catalectica,
854 680 992 746 alterum
1013 703 1032 746 e
1054 667 1155 750 versu

108 763 331 848 logaoedioo,
360 766 494 851 dactylo
524 789 597 834 cnm
620 768 755 832 dimetro
780 768 927 852 jambico
957 767 1162 841 catalectico

108 863 142 918 et
162 851 336 927 aracussi,
360 866 511 920 constare
530 853 689 933 affirmet,
711 847 953 938 Bergkiumque
975 855 1046 920 sine
1062 858 1156 942 justa

108 959 214 1004 causa
245 937 432 1004 Bucclrinco
461 943 647 1026 conjecisse
677 940 852 1004 contendit.
905 938 996 1004 Male
1026 943 1156 1026 quidem

107 1035 142 1091 et
166 1027 242 1110 ipse
263 1025 425 1108 Bergkius
447 1047 521 1091 cum
545 1027 663 1094 Bothio
687 1028 728 1092 de
750 1036 854 1091 metro
876 1045 995 1090 versus
1016 1048 1155 1094 consen-

107 1113 159 1186 tit,
181 1111 235 1175 vel
253 1112 363 1196 potius
381 1123 484 1177 metro
506 1135 595 1179 mere
610 1112 774 1200 dactylico
791 1114 888 1177 usum
908 1119 984 1176 as'se
995 1113 1157 1180 Naevium

105 1198 287 1264 arbitratus
308 1217 384 1262 esse
405 1199 543 1284 ridetur,
563 1202 610 1266 ita
631 1217 764 1266 versum
789 1199 1009 1266 constituens:

195 1315 325 1394 pirgiie,
347 1307 535 1396 thy-sigorae
557 1315 648 1375 modo
668 1313 842 1376 Bacchiacd
865 1331 936 1373 cum
958 1313 1124 1378 schdmaic.

105 1419 176 1487 Sed
193 1421 265 1508 jam
287 1423 391 1488 virum
413 1423 545 1488 doctum
565 1419 662 1485 aliter
687 1421 808 1488 sentire
830 1417 970 1486 confido.
1014 1421 1157 1488 Metram

105 1509 357 1591 anapaesticum
387 1520 457 1588 est,
494 1518 527 1574 et
554 1527 672 1572 versus
700 1527 720 1574 e
750 1507 858 1588 medio
889 1517 1070 1592 systemate
1099 1510 1155 1573 de·

106 1596 249 1746 pronlrti3
274 1617 351 1746 natum
373 1617 395 1664 a
417 1593 566 1664 clausula
587 1593 763 1680 incipiunt3
794 1592 878 1660 alter
899 1613 1016 1660 versus
1037 1596 1071 1660 in
1090 1593 1156 1660 fine

105 1695 185 1747 mutr
201 1704 241 1746 us
263 1703 299 1746 es
315 1729 323 1746 .

192 1794 358 1860 Admonet
386 1791 539 1858 Bacchus
567 1789 759 1874 perterritas
794 1809 875 1862 suas
904 1787 1077 1864 Bacchus,
1113 1809 1156 1854 ne

106 1900 201 1946 arma
238 1879 504 1964 circumspiciant
538 1878 582 1942 ad
620 1876 857 1942 defendendam
890 1895 912 1942 a
943 1895 982 1940 se
1011 1875 1156 1962 Lycurgi

106 1968 185 2048 vim,
208 1967 268 2032 sed
292 1988 365 2032 eum
387 1966 461 2048 ipso
478 1961 667 2030 Bacchiaco
689 1961 869 2040 schemate,
888 1963 909 2032 i.
926 1981 956 2028 e.
968 1979 1044 2027 cum
1064 1961 1155 2048 thyr-

108 2055 164 2134 sis,
189 2054 226 2120 in
244 2053 433 2138 Lycurgum
454 2049 637 2132 irruant1).
1090 2067 1094 2076 ⁴

563 2291 566 2298 ,
602 2228 655 2292 al.

191 2351 320 2416 Nonius
337 2353 387 2435 2);
418 2353 550 2436 z'ynotae
571 2351 592 2412 i.
616 2369 642 2412 e.
666 2349 792 2410 insciae
807 2351 859 2428 3);
882 2345 1035 2430 idem⁴):
1061 2347 1156 2420 iteris

104 2443 248 2526 positum
267 2458 334 2526 pro
356 2439 495 2502 itineris.
544 2435 691 2500 Naevius
714 2431 885 2520 Lycnryo:

197 2547 209 2584 ⁷
280 2597 288 2618 ,
311 2550 327 2612 .’
354 2597 361 2613 .
387 2597 396 2613 .
418 2556 517 2632 ignoti
528 2539 629 2612 'iteris
651 2567 769 2635 cumaea,
792 2551 857 2611 rnre
880 2549 955 2610 scis.
1012 2629 1014 2636 X

106 2663 153 2728 lta
183 2663 312 2726 Nonius
341 2661 444 2742 priori
471 2658 568 2735 loco,
604 2675 701 2740 quam
731 2655 906 2720 lectionem
934 2654 1032 2719 etiam
1065 2652 1155 2736 apud

105 2749 312 2816 Priscianum
328 2749 359 2831 ⁵)
380 2746 544 2823 invenies3
566 2740 669 2806 altero
691 2740 767 2808 loco
799 2739 927 2808 Nonius
948 2741 1109 2825 mactae>

193 2859 306 2924 Verba
335 2868 411 2926 sunt
431 2857 623 2940 Satyrorum
646 2861 679 2916 et
700 2851 916 2931 Baccharum,
939 2869 1024 2934 quae
1039 2869 1089 2927 se,
1104 2860 1155 2913 ut-

105 2957 185 3031 pote
213 2945 338 3010 itineris
382 2945 505 3008 inscias
544 2945 636 3020 (narn
667 2939 816 3022 eLydie
852 2938 1010 3024 oriundae
1046 2940 1155 3014 sunt),

106 3033 193 3100 duce
221 3031 357 3098 Baccho
381 3049 479 3114 egere
501 3025 694 3114 profitentur
708 3025 751 3108 ⁶).

606 3180 658 3243 22.

192 3307 321 3372 Nonius
331 3307 384 3392 ⁷):
405 3323 513 3388 pecua
533 3309 565 3367 et
583 3295 734 3384 pecuda,
755 3300 806 3362 ita
829 3305 865 3362 ut
884 3315 1010 3382 pecora
1030 3301 1154 3360 ueteres

107 3393 263 3460 dicerem
279 3395 323 3478 ⁸).
372 3391 520 3457 Nnccins
542 3387 714 3474 Lycnryo:
861 3475 868 3489 ι

210 3568 300 3647 ferro
321 3589 426 3646 pecua
447 3567 589 3628 manibus
611 3570 646 3624 ut
668 3563 713 3624 ad
731 3492 1007 3622 morcmlmrizeam!

105 3725 317 3742 m...-

175 3815 204 3878 13
226 3809 264 3881 cf.
285 3809 388 3882 Euadp.
407 3807 516 3862 Bacch.
534 3809 585 3863 733
600 3811 629 3862 et
645 3805 695 3862 763
710 3823 770 3876 sqq.
823 3804 853 3872 2)
873 3818 895 3855 s.
909 3817 934 3854 v.
952 3799 1068 3870 iynotae
1081 3816 1152 3872 paq.
1201 3858 1205 3867 ¹
1274 3785 1278 3792 ’

107 3899 158 3954 12⁴
173 3895 216 3952 M.
231 3898 265 3952 85
287 3893 322 3951 G.
356 3893 623 3965 13)cf.Gorteud
647 3889 754 3946 Lucan.
775 3887 878 3942 Phara.
895 3883 929 3938 V.
947 3884 1006 3940 500.
1051 3887 1079 3950 4)
1098 3903 1152 3942 co,

105 3987 190 4040 iteris
201 4001 275 4056 pay.
290 3981 342 4037 485
357 3980 401 4041 M.
418 3981 470 4036 :tto
488 3977 522 4036 dl.
573 3979 603 4046 d)
622 3976 670 4032 vt.
683 3993 754 4049 pay.
772 3973 823 4027 att
841 3969 940 4030 Krene
992 3971 1079 4042 (Des.
1096 3971 1155 4024 En·

106 4073 164 4146 rip.
185 4068 293 4126 Bacch.
308 4069 371 4124 ula
421 4067 450 4136 i)
468 4087 490 4123 c.
504 4085 530 4122 u.
543 4061 642 4138 'pecua
653 4079 724 4135 pay·
743 4059 791 4114 159
806 4057 849 4114 Μ.
869 4057 919 4114 toa
935 4058 967 4113 G.
1005 4059 1049 4130 ’8)
1066 4060 1109 4112 lta
1122 4067 1157 4114 et

106 4158 170 4227 ipse
189 4153 307 4210 Cicerae
333 4153 462 4210 Benecke
486 4151 533 4208 ad*
547 4149 604 4204 Cic.
633 4147 670 4203 dc
693 4146 748 4219 lay.
767 4144 873 4202 Manli.
889 4163 959 4219 pay.
976 4144 1043 4205 136,-
1073 4141 1154 4202 Serv.

108 4241 149 4295 nd
171 4240 247 4313 γίνῃ.
268 4237 370 4316 Geory.
390 4237 435 4292 lll.
453 4239 506 4300 645
535 4233 662 4290 Wunder
684 4231 749 4287 Vnr.
769 4233 846 4290 Lect.
864 4249 931 4306 pay.
947 4227 1069 4302 Lxltm.
1109 4270 1112 4280 .
