2776 4892
483 289 759 366 ..109-

99 471 313 557 fragminibus
343 493 364 539 a
396 469 603 559 conjiciendo
634 491 702 536 non
730 471 884 540 abstinui,
938 471 1042 550 Quac-
1062 475 1152 544 enim

98 560 141 624 ad
164 559 380 644 explicandas
409 557 565 643 reliquias
596 559 794 642 interpretes
822 557 1018 640 attulerunt,
1047 564 1150 629 maxi·

98 667 185 712 mam
207 657 334 748 partem
356 655 413 712 aut
434 644 521 710 falsa
544 655 600 710 aut
624 645 745 711 nullius
767 648 921 712 momenti
943 658 1028 712 sunt.
1070 649 1150 714 Noli

98 749 179 796 vero
202 731 330 810 murari,
366 733 452 816 quod
474 732 636 799 Naevium
667 731 863 816 ellycurgo
896 721 1086 817 Aeschylon
1116 747 1150 802 et

97 811 246 883 Pentheo
263 819 441 903 Euripiden
463 837 558 882 suam
581 820 811 900 composuisse
832 818 976 884 fabulam
998 823 1082 900 dixi;
1104 824 1152 888 ito

98 905 239 970 enimin
261 905 444 970 scribendis
466 902 587 970 sabulis
610 916 641 969 et
658 905 815 970 Naevium
836 905 1016 972 etEnnium
1039 907 1152 992 egisse

97 991 230 1056 disertis
252 991 425 1056 Terentius
441 993 473 1074 ¹)
494 991 606 1055 verbis
628 989 778 1055 affirmat.
823 991 950 1064 Quodsi
967 993 1102 1058 Palilius
1116 997 1149 1077 ²)
1238 997 1240 1002 '

96 1078 130 1141 in
153 1075 314 1142 Naevium
334 1077 421 1142 haec
442 1079 563 1143 cadere
585 1088 697 1164 negat,
720 1075 865 1158 fellitum¹
883 1099 975 1162 nam,
998 1081 1148 1165 quamvis

97 1165 139 1228 de
162 1163 299 1230 comicis
329 1162 450 1230 sabulis
480 1184 554 1228 cum
584 1185 624 1228 eo
648 1165 833 1248 consentire
853 1166 983 1248 possiS,
1013 1166 1055 1230 da
1084 1177 1149 1231 tra·

97 1251 227 1334 goediis
252 1259 360 1314 tamen
383 1249 498 1333 negari
529 1248 608 1332 illud
640 1251 770 1315 omnino
794 1245 915 1334 nequit.
959 1251 1149 1317 Naevianae

97 1338 186 1401 enim
213 1337 415 1422 comoediae,
437 1347 552 1419 utpote
575 1335 924 1401 veterem‘Atticorum
946 1339 1149 1404 comoediam

96 1423 264 1502 imitatae,
311 1424 371 1488 vix
407 1442 427 1488 e
464 1423 593 1496 duabus
629 1421 752 1488 fabulis
788 1423 821 1488 in
860 1439 960 1512 unam
996 1425 1149 1511 componi
1227 1471 1229 1476 -

96 1521 261 1594 poterant.
361 1533 364 1540 ·
906 1513 912 1522 '

185 1618 348 1705 Aeschyli
375 1616 562 1704 Lycurgiae
592 1611 680 1706 quod
711 1610 808 1684 fuerit
836 1631 1079 1706 argumentum,
1116 1629 1150 1686 et

96 1705 298 1774 Welckerus
314 1711 345 1787 5)
379 1717 412 1769 et
442 1707 697 1790 Hermannus⁴)
727 1707 991 1791 descripserunt:
1029 1707 1154 1773 Totius*

96 1797 147 1861 rei
171 1815 299 1859 summa
320 1813 360 1858 eo
382 1791 484 1856 redita
513 1793 546 1856 in
568 1787 696 1856 Edonis
727 1794 855 1876 capitur
882 1793 1036 1858 Bacchus
1066 1805 1098 1858 et
1127 1814 1149 1858 a

97 1876 253 1967 Lycurgo
284 1879 452 1944 saeviente
482 1900 555 1942 cum
585 1873 741 1942 ministris
771 1875 840 1940 suis
864 1879 989 1942 carceri
1011 1878 1149 1944 includi-

96 1978 168 2047 tur;
201 1968 233 2031 in
257 1959 488 2030 Rassan‘dibns
511 1965 566 2048 qui
588 1963 686 2028 modo
708 1963 786 2028 victi
809 1974 842 2028 et
861 1963 895 2027 iu
917 1964 1049 2030 vincula
1070 1975 1154 2030 *cone

92 2055 304 2142 jacuerant,
326 2051 437 2116 divino
460 2048 583 2116 auxilio
606 2049 752 2132 liberati,
769 2050 917 2134 injuriam
940 2051 1002 2116 sibi
1024 2050 1150 2116 illatam

97 2141 321 2218 ulciscuntur3
345 2137 378 2200 in
400 2136 574 2200 Neanisois
590 2135 735 2220 denique
757 2135 877 2213 Edoni,
901 2137 1013 2220 agnita
1034 2136 1095 2202 Dei
1116 2137 1150 2202 vi

97 2238 135 2292 et
157 2222 326 2310 potentia,
356 2242 431 2286 cum
452 2222 525 2305 ipso
549 2221 702 2306 Lycurgo
731 2221 804 2308 ejus
826 2242 925 2287 sacra
946 2222 1148 2308 amplectun-

96 2325 164 2394 tur.
210 2310 415 2393 Quamquam
447 2309 489 2372 de
518 2307 693 2373 Neaniscis
726 2309 833 2374 minus
875 2319 1016 2376 constat.
1042 2310 1149 2375 ¹Idem

94 2395 247 2482 Lycurgi
277 2387 466 2459 Naevianae
497 2405 723 2477 argumentum
762 2406 821 2460 est.
876 2394 970 2468 Quae
1000 2416 1074 2462 cum
1103 2398 1150 2478 ita

96 2485 188 2561 sint,
209 2480 315 2560 male,
336 2481 370 2544 ni
391 2478 507 2559 fallor,
531 2480 629 2544 Nonii
652 2482 772 2564 verba,
804 2481 921 2565 quibus
944 2480 1032 2546 hanc
1054 2481 1148 2548 fabu-

96 2569 166 2634 lam
189 2567 303 2637 affert‚
335 2567 490 2631 mutanda
520 2577 718 2630 censuerunt
750 2563 934 2651 quicunque
964 2569 1004 2630 de
1026 2565 1091 2648 hac
1112 2589 1150 2634 re

98 2655 315 2740 scripserunt.
359 2651 528 2735 Leguntur
547 2663 656 2717 antem
677 2653 741 2716 ita:
767 2651 916 2718 Naeuius
929 2653 1083 2739 ‘Lycurgo
1102 2655 1147 2719 ll.

97 2743 234 2807 Librum
266 2739 351 2803 enim
385 2739 562 2811 secundum
591 2738 789 2804 Bassaridas
817 2738 978 2824 Aeschyli
1011 2739 1067 2805 vel
1097 2762 1148 2806 sea

99 2828 242 2894 cundem
264 2825 416 2907 trilogiae
437 2819 602 2902 fabulam,
624 2846 720 2909 qnam
743 2835 845 2890 totam
866 2825 1010 2890 Naevius
1031 2829 1065 2891 in
1085 2826 1148 2892 La·-

97 2917 203 2980 tinnm
225 2931 409 2978 sermonem
441 2913 621 2989 convertit,
651 2910 838 2993 significare
871 2913 1030 2994 arbitror,
1060 2913 1149 2978 unde
1183 2967 1184 2972 ,

99 3021 168 3066 non
192 3001 309 3064 mirum
332 3008 394 3073 est,
416 3006 466 3060 tot
487 2995 584 3083 hujus
606 2996 738 3062 fabulae
755 3013 933 3079 superesse
949 2996 1147 3086 fragmenta,

101 3105 179 3152 cum
201 3105 220 3150 e
242 3083 392 3168 plurimis
423 3083 552 3166 singuli·
574 3093 697 3148 tantum
728 3099 846 3148 versus
877 3095 1029 3149 servatos
1057 3086 1149 3152 inve

98 3175 185 3238 nias.
228 3171 352 3235 Eodem
389 3171 485 3234 modo
514 3169 766 3234 Andromachae
802 3169 1019 3254 fragmentum
1048 3172 1093 3236 ita
1127 3191 1148 3237 a

99 3259 274 3324 Prisciano
291 3258 426 3321 citat-nr:
453 3255 601 3321 Naevius
615 3259 649 3321 dn
668 3255 732 3320 111.
751 3255 893 3322 Hectore
905 3257 1149 3344 proficiscente,
1211 3336 1214 3342 .

101 3363 188 3430 quae
210 3346 312 3408 verba
335 3343 463 3407 tertiam
486 3342 657 3426 trilogiae,
687 3345 740 3408 cui
765 3343 855 3428 apud
873 3344 1148 3428 ·Astydamantenr

100 3430 256 3496 Hectoris
277 3449 396 3494 nomen
426 3439 515 3510 erat,
542 3428 707 3506 indicant,
735 3430 832 3514 cujus
862 3428 1013 3510 trilogiae
1042 3427 1151 3512 prima·

100 3518 154 3582 rel
186 3513 292 3582 altera
321 3513 710 3580 fabula'Andromachae
745 3515 958 3598 inscriptione
988 3514 1149 3597 insignita

99 3613 184 3669 erat.
228 3602 323 3676 Quae
349 3601 506 3666 siminus
534 3600 740 3684 placuerint,
769 3602 901 3677 nescio,
929 3619 973 3662 au
995 3599 1041 3663 ita
1061 3599 1147 3666 haec

101 3711 157 3754 res
192 3688 390 3773 explicanda
419 3689 471 3752 sit.
515 3687 773 3771 Lampadionem
802 3686 1043 3750 Naevienorum
1074 3707 1146 3752 car·⁸
1213 3693 1216 3698 '

101 3777 224 3842 minum
246 3793 418 3840 censuram
440 3774 620 3838 instituisse
642 3782 772 3838 constat
787 3776 838 3853 ⁵),
861 3773 907 3835 ita
927 3769 1088 3851 fortasse,
1110 3783 1150 3838 nt

102 3865 260 3930 universa
289 3862 362 3946 ejus
392 3879 495 3946 opera
514 3861 549 3926 in
584 3861 698 3926 nescio
728 3870 809 3944 quot
835 3858 940 3924 libros
970 3859 1145 3940 dividerem

102 4016 310 4036 hn--n—-fl

173 4109 203 4181 l)
229 4107 320 4164 Andr.
343 4099 457 4180 prolog.
479 4105 518 4162 17.
571 4100 602 4175 il
621 4105 657 4162 de
678 4095 784 4178 fabula
801 4095 1002 4162 Romanorum
1014 4084 1146 4180 palliata

102 4193 130 4249 cl
147 4197 251 4269 lupata
268 4191 412 4264 (Berolt'nl
430 4185 507 4260 lull)
530 4209 599 4265 pop.
616 4191 658 4248 39.
710 4191 742 4264 3)
760 4193 780 4248 l.
797 4193 816 4248 1.
835 4211 908 4268 paq.
926 4191 985 4247 320.
1004 4199 1033 4248 at
1050 4193 1146 4250 ΝαοΙν

103 4285 170 4353 trop
182 4294 255 4352 pap.
274 4277 332 4334 103.
385 4280 414 4346 d)
432 4278 452 4332 l,
470 4277 489 4334 lt
545 4279 574 4344 5)
596 4275 634 4348 cf.
649 4294 721 4352 pay.
736 4277 779 4334 26.
