2828 4892
521 320 747 400 ..5-

193 503 253 572 Οὐ.
270 503 419 570 Naevius
441 523 516 570 num
537 503 672 588 Sangae
693 517 875 590 cognomen
895 509 1053 591 habuerit,
1076 496 1151 578 'sub-³

109 591 240 655 dubium
269 589 348 655 milri
378 600 447 669 est,
477 591 626 674 quamvis
656 593 692 657 P.
713 593 842 659 Merula
862 599 893 678 ²)
922 598 955 660 in
986 595 1153 682 Calpurnii

109 675 242 741 Pisonis
258 676 368 742 stride
381 686 527 742 veterum
547 685 719 758 poetarum
741 681 939 746 continentia
959 679 1044 747 libro
1066 683 1153 748 haec

109 779 146 826 se
177 760 302 844 legisse
337 759 494 835 affirmata
540 761 600 827 Otr.
635 762 750 848 Scopa
787 765 872 830 tidro
904 762 924 830 1
930 765 966 830 V.
995 767 1037 832 de
1069 767 1153 834 betto

111 844 241 912 Punico
270 848 396 930 primm
435 848 562 912 incerta
600 849 686 912 enim
714 848 779 914 fide
800 849 962 917 Merulam
993 873 1068 920 esse
1095 855 1152 918 irn'·

106 933 221 1015 primis
250 933 283 997 in
312 933 371 1012 iis,
401 951 487 1018 quae
516 953 558 996 ex
585 931 670 998 libro
699 935 764 1000 isto
794 935 902 1014 addit,
935 936 981 1000 Μ.
1010 937 1105 1017 Hoclu
1121 941 1152 1021 ²)

108 1017 460 1102 demonstrarenuper
485 1018 602 1101 coepit.
646 1019 758 1106 ltaque
781 1041 855 1085 cum
886 1020 995 1088 nullus
1024 1033 1155 1106 praeter

107 1101 257 1171 Merulae
284 1103 438 1168 Pisonem
468 1105 609 1187 scriptor
638 1103 704 1170 hoc
733 1105 850 1170 Naevii
879 1127 1062 1190 cognomen
1090 1127 1154 1174 me-

107 1197 226 1266 moret,
247 1187 408 1253 Naevium
430 1190 625 1272 cognomine
647 1209 762 1257 carere
784 1190 883 1270 malo,
906 1212 1003 1278 quarn
1023 1203 1157 1278 propter

107 1293 217 1356 mera,
246 1273 276 1338 si
304 1275 378 1338 Diis
408 1271 538 1357 placet,
567 1274 716 1341 Memlae
746 1289 930 1342 commenta
960 1279 1095 1364 Sangae
1126 1281 1160 1344 ei

106 1359 220 1423 indere
242 1377 426 1442 cognomen
443 1362 485 1444 ³).
529 1359 639 1434 Quid?
673 1362 760 1445 quod
789 1373 852 1427 nec
882 1371 956 1428 ante
986 1381 1050 1429 nec
1079 1370 1156 1448 post

107 1443 270 1510 Merulam
301 1444 432 1510 Pisonis
471 1445 566 1509 istius
597 1446 771 1532 quisquam
800 1447 880 1512 vidit
910 1447 1037 1514 librum.
1088 1444 1156 1514 Sed

107 1531 256 1608 accedit,
279 1530 384 1614 quod,
407 1541 563 1615 quantum
593 1532 742 1616 equidem
772 1534 921 1616 memini,
950 1553 1046 1599 nemo
1067 1537 1155 1599 vete·

107 1635 179 1680 rom
213 1613 348 1697 Sangae
378 1637 498 1681 nomen
534 1627 611 1680 ante
646 1617 831 1682 Terentium
845 1621 880 1700 ⁴)
911 1619 1037 1698 attulit,
1062 1622 1156 1708 cujus

107 1711 217 1766 tamen
238 1699 352 1766 fabula
373 1701 549 1766 Eunuchus
571 1722 590 1766 c
614 1701 737 1786 duplici
762 1705 892 1768 Graeca
913 1703 1087 1771 Menandri
1107 1705 1155 1792 fa·

106 1785 186 1852 bula
224 1787 410 1870 composita
440 1797 509 1868 est,
543 1787 632 1852 unde
668 1787 802 1870 Sangae
838 1809 977 1870 nomen,
1014 1800 1050 1856 ut
1079 1809 1155 1856 cen·

106 1871 245 1936 turiouis
266 1871 411 1950 barbari,
427 1881 485 1938 aut
506 1872 693 1950 barbarum,
712 1875 777 1938 nisi
792 1873 968 1955 Graecum,
989 1887 1047 1941 aut
1067 1885 1157 1942 certe

105 1957 292 2022 Romanum
328 1955 451 2022 nullum
486 1956 610 2036 fuisse,
649 1958 863 2024 concluditur.
916 1961 1017 2035 Nam,
1033 1961 1156 2026 Roma·

104 2063 185 2108 num
221 2041 302 2107 illud
323 2061 459 2106 'nomen
496 2061 564 2108 non
594 2041 722 2123 fnisse,
757 2064 776 2108 e
809 2043 929 2108 Donati
961 2046 1016 2112 ad*
1035 2046 1155 2110 Teren:

105 2129 187 2193 tium
232 2128 472 2194 commentariis
488 2130 524 2206 ⁵)
559 2126 743 2211 colligitur,
772 2129 827 2194 ubi
863 2127 948 2194 haee
976 2127 1158 2213 negantum

105 2213 276 2298 „Sangae
314 2231 378 2276 nec
416 2211 603 2298 Sangarius
635 2211 772 2292 saltem,
810 2224 845 2277 ut
877 2224 996 2280 nomen
1026 2223 1156 2281 esset.“

102 2299 210 2382 Atqui
231 2298 261 2362 si
282 2297 417 2380 Sangae
438 2317 621 2380 cognomen
649 2309 770 2384 poetae
797 2297 933 2377 suisset,
963 2311 1021 2366 aut
1051 2311 1155 2368 exter·

100 2403 186 2450 num
207 2381 390 2461 hominem,
420 2391 477 2448 aut
504 2399 636 2448 servum
668 2383 829 2448 Naevium
859 2403 936 2449 esse
964 2399 1155 2472 appareret,

104 2488 204 2554 quem
234 2467 420 2532 Romanum
449 2466 556 2533 luisse
586 2463 673 2534 inira
705 2469 1011 2548 demonstrabimus.
1064 2473 1156 2540 Satis

102 2555 205 2638 igitur
226 2571 389 2638 superque
410 2552 519 2619 habeo
541 2559 764 2634 memorasse,
795 2575 859 2638 quo
890 2557 1052 2622 audaciae
1078 2577 1156 2641 pro·

106 2658 246 2723 gressus
275 2639 320 2704 sit
348 2636 497 2718 Merula,
525 2640 580 2725 qui
606 2638 715 2704 locum
737 2661 759 2704 a
780 2641 887 2704 Nonio
904 2639 937 2724 ⁶)
968 2648 1154 2707 servatum:

109 2725 278 2790 Naevius:
305 2731 385 2789 sane
414 2745 436 2788 a
456 2743 516 2788 sao
543 2727 679 2811 sulpure
700 2727 795 2789 claro
822 2727 999 2812 sulpuricit
1018 2730 1155 2812 Jupiter

16 2869 17 2876 ,
103 2811 151 2875 ita
173 2811 363 2880 mutandum
384 2811 532 2889 censuit,
552 2821 587 2876 ut
609 2829 649 2875 eo
681 2812 778 2892 etiam
806 2811 940 2894 Sangae
969 2833 1155 2900 cognomen

105 2896 356 2982 comprobatum
395 2895 544 2960 Naevius
566 2894 699 2981 Scopa:
721 2917 780 2960 suo
803 2899 910 2960 sonitu
932 2899 1027 2962 claro
1049 2907 1108 2963 etc.

16 3053 17 3062 χ
191 2981 312 3046 Natum
334 2979 368 3045 in
391 2977 568 3064 Campanis
591 2981 753 3046 Naevium
781 3001 874 3059 esse,
905 2983 1090 3068 quicunque
1113 2985 1158 3050 de,

16 3087 17 3090 ¹
104 3068 178 3153 ejus
206 3067 275 3132 vita
304 3066 525 3150 scripserunt,
546 3087 565 3130 e
585 3067 696 3131 verbis
725 3067 823 3130 Gellii
837 3070 870 3150 ⁷)
893 3068 1087 3152 conjecisse!
1107 3073 1153 3134 vi-

106 3153 242 3218 denturz
282 3152 497 3237 Epigramma
537 3151 659 3218 Naeuii
690 3154 820 3236 pietatum
849 3154 1022 3237 superbiae
1061 3154 1155 3238 Gamla

104 3259 224 3322 paone.
275 3237 342 3302 Sed
373 3237 541 3321 Campana
575 3236 694 3321 plenus
732 3238 889 3324 superbia
919 3259 1027 3304 nonne
1054 3241 1153 3306 etiam

104 3323 275 3390 Romanus
303 3322 402 3387 homo
431 3343 507 3388 esse
536 3331 667 3408 potest,
700 3346 774 3388 cum
804 3325 880 3408 ipsa
910 3325 1153 3408 Campanorum

16 3421 17 3424 ’
104 3408 161 3475 illa
190 3408 364 3474 insolentia
385 3409 419 3474 iu
447 3410 656 3494 proverbium
685 3411 802 3476 abierit
817 3409 876 3492 ⁸)‘i
920 3410 1031 3486 Quint
1063 3403 1153 3494 quod

172 3585 200 3654 l)
219 3585 260 3640 ad
279 3583 368 3640 Eume
384 3579 503 3658 Fropm.
521 3587 643 3658 popili.
685 3585 718 3658 d)
729 3587 766 3640 de
782 3585 984 3640 Etmtaooram
998 3581 1153 3640 Annalium

103 3653 280 3726 fragmentis
295 3671 315 3708 a
332 3653 430 3708 Paulo
448 3655 566 3710 Maera
590 3657 692 3710 aucus.
736 3653 864 3708 Beonan·
879 3651 954 3706 1839.
1004 3653 1035 3720 3)
1053 3650 1154 3708 Ocno

105 3722 231 3786 analect,
251 3725 316 3779 crit.
336 3738 379 3792 pa
401 3761 408 3776 .
432 3723 476 3778 23.
527 3723 555 3786 d)
576 3721 703 3778 Eunuclt.
723 3721 770 3776 tv.
795 3723 820 3774 7.
838 3719 864 3774 6.
916 3721 944 3786 5)
963 3717 983 3774 l.
1008 3721 1027 3775 1.
1046 3721 1154 3776 limma*

104 3806 205 3844 nor-um
222 3806 296 3844 unus
312 3787 345 3854 Q.
392 3789 482 3854 abitas,
499 3789 674 3862 Allobrogici
690 3789 777 3866 filios,
798 3786 917 3858 Scopae
934 3805 967 3842 cu
987 3796 1153 3844 nomentum

105 3853 190 3912 dedet
211 3856 402 3927 (Drumann's
430 3853 528 3910 uasat.
548 3857 648 3910 Rom'a·
665 3855 700 3919 V,
717 3855 803 3925 ciffi),
821 3853 898 3924 quod
924 3807 1068 3912 Gallicum
1094 3873 1154 3910 csso

105 3923 243 4008 enpjtcto,
270 3923 361 3978 Fabio
376 3931 507 4046 propter
531 3929 721 3994 patronatum
746 3923 870 3976 inditum
891 3923 1066 3994 (Drumann
1091 3925 1151 3985 dl.

103 3993 205 4132 illeiis
216 3993 492 4134 lrdnlnlgllllasdqupap.
513 4058 564 4130 543Ι
582 4064 611 4112 et
627 4059 678 4112 oon
707 4057 795 4126 cca).
838 4059 869 4128 S)
885 4079 910 4112 a.
932 4077 956 4116 u.
980 4059 1152 4132 fitlpuriuitr

104 4125 209 4196 ftapm.
234 4132 333 4184 taceri.
347 4135 432 4202 tra,-
449 4125 474 4182 9.
517 4127 546 4196 7)
564 4123 583 4179 l.
606 4125 647 4180 M.
663 4125 687 4180 Ἰ.
721 4124 740 4181 S
773 4122 861 4201 Cicer.
886 4131 918 4190 io
944 4125 1021 4181 Harii.
1039 4120 1073 4181 ll.
1098 4128 1150 4192 33,-

106 4193 181 4260 zeti,
217 4143 462 4266 Forienseiudsleo
486 4191 519 4248 ll.
541 4211 622 4268 pap„
641 4195 691 4256 tm
752 4209 769 4248 o
805 4193 855 4262 lie,
880 4195 912 4250 io
938 4191 1081 4250 laterado·
1098 4193 1153 4268 sati

105 4261 437 4322 eriminatorum.
465 4262 540 4320 lSMu
560 4261 796 4337 pupl‘anu.
820 4261 867 4318 i.·
911 4278 942 4306 ⁸·
994 4289 998 4296 ·
1046 4273 1058 4306 ’-

401 4010 430 4046 ue
446 3989 720 4053 atecturDcnaram
740 3987 903 4063 Sangarius
920 3996 995 4046 enim
1016 3991 1153 4046 Galatiae
