2776 4892
621 342 679 368 -,-..
723 302 777 384 aa,
824 339 874 364 .-

231 513 280 578 lta
299 518 391 586 recte
411 505 628 574 Romanum.
671 505 785 572 Finem
804 525 924 573 versus
940 523 1125 592 agnoscere
1144 503 1211 573 eibi
1230 495 1287 571 vl·

231 597 348 664 dentur
369 593 498 660 Merula
519 604 552 658 et
573 593 881 680 spangenbergtus:

360 752 390 769 ..
408 752 416 769 .
433 750 441 767 .
457 711 629 770 vicissate'm
651 711 733 770 uolui
753 711 924 768 victoriam.

239 889 244 898 ,
317 813 393 878 Νοιι
429 813 502 880 sine
535 835 656 898 magna
686 815 757 880 veri
790 815 903 902 specie
933 810 1052 896 Reguli
1084 811 1168 880 haec
1202 831 1290 878 ver-

234 903 278 971 lm
306 899 409 967 luisse
438 911 584 964 statuum
612 899 741 966 Merula
770 912 803 967 et
834 899 1136 984 Spengeirbergius,
1164 919 1292 982 quam·-
1385 939 1386 962 ι

238 1007 332 1062 Ιιιιιιιι
355 985 386 1049 ἰιι
412 1006 451 1058 eo
473 983 684 1051 vehementer
705 985 872 1062 falluntur,
895 985 981 1071 quod
1004 983 1123 1068 Reguli
1144 1004 1293 1052 coesse

235 1008 347 1137 linunt
368 1069 457 1172 apud
480 1071 636 1136 Senatum
651 1073 834 1145 Romanum
856 1071 897 1136 de
918 1069 1052 1148 infelici,
1070 1091 1136 1154 qua
1151 1090 1173 1136 a
1187 1069 1289 1134 Xan·
1385 1081 1386 1096 ¹

237 1155 351 1245 tliippo
374 1168 481 1222 motus
503 1167 592 1236 erat,
623 1177 735 1240 pugna
766 1155 967 1224 disserentis.
1011 1153 1172 1238 Regulum
1193 1155 1291 1222 enirn

237 1263 322 1311 unum
345 1242 472 1321 demum
495 1241 580 1306 DlV.
603 1245 697 1326 pacis
729 1243 890 1327 petendae
920 1261 1022 1309 causa
1043 1241 1183 1308 Romam
1203 1241 1291 1306 mis-

236 1349 308 1408 ¹sutu
331 1347 408 1412 esse
433 1338 573 1404 constat,
597 1349 660 1412 quo
683 1349 770 1393 anno
792 1349 876 1414 qnae
898 1327 988 1393 sacta
1008 1338 1112 1405 erant,
1133 1328 1166 1392 in
1189 1327 1292 1411 quiu-

177 1433 178 1438 ’
237 1424 269 1482 to
285 1411 369 1476 libro
390 1413 543 1496 exposuit
558 1413 713 1482 Naevius.
756 1413 810 1480 Ao
829 1416 932 1484 verba
945 1414 1052 1497 ipsius
1065 1409 1189 1494 Reguli
1205 1413 1292 1492 sint,

237 1498 370 1648 liubila:l
396 1508 472 1565 sunt
501 1509 610 1564 autem
639 1501 822 1586 reputantis
851 1498 1066 1568 humanarum
1094 1518 1203 1582 rerum
1234 1502 1290 1564 vi·

236 1582 349 1654 cissitu
372 1583 452 1648 ines.

325 1810 515 1895 Nonias¹):
538 1810 725 1891 danunt,
755 1811 848 1878 dont.
896 1809 1044 1880 Noouios
1064 1807 1142 1878 tettt
1166 1805 1293 1876 Met

238 1895 324 1960 lr’luro
344 1905 487 1984 qttortor
896 1943 898 1948 -

366 2014 435 2073 ea'm
459 2033 584 2073 carnem
606 2011 775 2076 victoribus
796 2015 937 2075 danunt.
954 2003 989 2073 .'.

239 2109 531 2204 ¹Spetngenbergius
554 2140 627 2204 cum
648 2118 779 2208 Merula
800 2137 861 2189 suo
874 2119 928 2204 ²):

369 2273 400 2294 ..
418 2272 425 2291 .
443 2274 450 2292 .
468 2234 537 2296 edm
559 2235 685 2295 comem
705 2233 866 2296 victoriae
889 2233 1018 2294 ddnrmt.

240 2336 435 2413 falsissime3
466 2334 494 2402 si
525 2335 609 2403 enim
633 2339 784 2424 exempla
806 2337 952 2405 aNonio
974 2343 1104 2422 praeter
1117 2331 1185 2399 hoc
1199 2329 1294 2398 Nac-

239 2421 370 2485 vianum
401 2424 500 2488 citata
529 2423 746 2505 inspexisset,
776 2423 875 2490 facile
897 2423 1033 2490 edoctus
1055 2421 1190 2496 fuisset,
1222 2420 1290 2503 pri·

240 2519 326 2572 mam
349 2507 441 2570 verbi
471 2507 598 2571 doottnt
627 2511 747 2594 corripi
761 2512 804 2592 ³).
849 2507 963 2575 Risum
994 2507 1072 2574 mihi
1092 2505 1193 2570 movit
1215 2505 1290 2569 Me-

241 2591 336 2657 rulae
358 2594 399 2657 de
421 2591 486 2657 hoc
507 2592 694 2682 fragmento
717 2605 950 2674 commentum,
1008 2593 1072 2659 uod
1093 2601 1202 2656 tamen
1224 2609 1293 2654 noc

240 2669 550 2761 spangenbergius,
593 2682 646 2763 qui
676 2681 856 2760 Merulam,
892 2701 955 2745 nec
982 2618 1191 2755 §chaonium
1221 2677 1289 2759 ‘qni

241 2763 546 2848 spangenberglum
569 2767 662 2848 sequi
678 2765 774 2845 solet,
795 2775 1000 2851 respuerunt.
1044 2763 1184 2830 Carnem
1200 2763 1290 2826 enim

240 2850 403 2931 serpentis
425 2847 513 2913 illius
544 2850 714 2933 iutelligit,
744 2853 829 2937 quod
860 2863 1038 2916 monstrum
1063 2870 1137 2915 cum
1164 2866 1292 2930 magna

239 2933 377 3002 militum
391 2941 524 3022 jactura
545 2937 632 3019 apud
655 2937 773 3002 llumen
798 2938 983 3021 Bagradam
1005 2932 1173 3022 aRegulo
1188 2933 1290 2996 inter-

238 3018 358 3084 iectum
389 3040 465 3085 esse
487 3024 677 3103 narrantt).
720 3020 853 3088 Addunt
874 3034 982 3088 autem
1010 3020 1195 3107 quicunque
1214 3016 1294 3082 fere

238 3104 281 3166 de
301 3103 366 3168 hoc
387 3124 424 3168 re
445 3105 668 3186 tradiderant,
690 3107 839 3191 legiones
860 3109 1030 3173 Romanas
1061 3117 1195 3190 propter
1214 3101 1290 3170 foe·

239 3197 343 3260 torem
358 3190 504 3274 Jaceotis
526 3192 662 3272 bestiae,
684 3197 778 3280 cujus
800 3195 980 3261 detractum
1004 3194 1128 3258 corium
1142 3189 1291 3254 Romam

239 3271 419 3357 spoliorum
441 3274 546 3339 instar
567 3279 702 3342 missum
726 3291 786 3361 est,
804 3293 837 3345 et
858 3292 992 3366 propter
1010 3297 1116 3364 aquas
1138 3277 1215 3346 tabe
1235 3275 1288 3338 in·

239 3361 281 3424 de
300 3359 453 3438 infectas,
475 3370 577 3425 totam
599 3361 688 3427 illam
711 3367 877 3448 regionem
899 3364 1034 3448 fugisse.
1068 3357 1183 3447 Neque
1204 3359 1287 3444 quid

239 3444 399 3511 Merulam
418 3449 638 3531 commoverit,
656 3450 765 3528 video,
781 3462 817 3516 ut
838 3469 969 3516 carnem
986 3449 1140 3514 draconis
1151 3445 1286 3512 victori·

238 3532 302 3598 bus
318 3531 405 3598 dorio
422 3533 530 3596 datam
548 3552 625 3598 esse
646 3534 708 3599 sibi
731 3535 931 3601 informaret.
961 3535 1047 3611 Quid
1069 3534 1226 3600 tandem?
1247 3539 1292 3596 ut

238 3619 448 3704 comederent
461 3619 671 3701 serpentem?
694 3621 820 3702 Quodsi
831 3622 959 3690 Merula
974 3622 1017 3686 ad
1031 3639 1174 3701 versum,
1188 3634 1289 3704 quern

238 3719 312 3767 cum
333 3699 399 3769 hoc
421 3704 604 3790 fragmento
626 3707 815 3797 conjungit,
836 3705 1028 3804 provocat,
1049 3705 1083 3770 io
1105 3725 1170 3794 quo
1192 3710 1288 3770 utro-

238 3858 446 3892 n*-

308 3945 336 4014 1)
354 3960 376 3998 a.
394 3962 419 3998 o.
438 3945 550 4002 danunt
567 3965 640 4022 paq.
657 3951 693 4008 97
710 3950 752 4016 M,
770 3953 807 4008 68
825 3951 859 4008 G.
916 3949 947 4021 l)
965 3949 984 4007 l.
1003 3945 1022 4008 l.
1042 3967 1115 4024 pop.
1140 3947 1202 4004 425.
1254 3946 1288 4016 ³)

238 4025 338 4083 mont.
359 4027 466 4082 Pseud.
485 4027 529 4085 lll.
550 4033 572 4086 1.
593 4034 625 4096 1,·
651 4037 689 4108 cf.
707 4038 786 4092 nun.
805 4037 849 4093 lll.
868 4037 892 4093 3.
910 4037 960 4102 81;
987 4035 1065 4091 Men.
1083 4034 1128 4089 lll.
1147 4033 1172 4088 3.
1191 4039 1288 4099 aum

238 4105 326 4164 Poeta.
351 4109 381 4164 V.
400 4116 424 4164 4.
435 4111 478 4166 83.
530 4117 559 4183 l)
579 4117 680 4190 Polyb.
699 4120 719 4175 l.
740 4121 792 4189 293
810 4122 872 4177 Lin.
891 4123 972 4196 Eptt.
991 4119 1097 4190 XVlll;
1121 4115 1182 4172 Vol.
1199 4113 1288 4170 Max.

235 4192 254 4246 1.
273 4193 298 4246 8
319 4194 351 4248 lu
361 4211 370 4262 ;
399 4193 472 4249 Gall.
491 4197 535 4252 Vl.
554 4203 588 4270 53
617 4203 694 4258 luna
711 4205 776 4260 hart.
795 4214 855 4262 nat.
874 4205 944 4261 Vlll.
965 4209 1014 4270 1⁴3
1039 4205 1118 4261 Hor.
1136 4201 1169 4258 ll.
1187 4201 1213 4257 2.
1230 4201 1288 4270 203

234 4275 287 4332 Iul.
309 4276 407 4349 Obreq.
426 4296 450 4336 c.
469 4281 520 4343 293
540 4284 668 4344 Niebuhr
684 4289 724 4346 R.
747 4289 781 4345 G.
800 4289 845 4345 lll.
863 4307 931 4367 pop.
949 4290 1010 4348 ow.
