2776 4892
495 290 745 366 *ΒΘ-ι,

103 472 296 536 toroneam
316 470 459 536 verrimus
479 489 584 536 mmo
601 475 653 548 rit,
673 489 739 536 non
756 471 844 538 Liuii
858 473 962 557 (addo
977 489 1038 542 aaa
1049 478 1140 546 Nae

102 561 174 638 nii),
195 557 250 622 uli
270 556 311 620 de
333 559 485 643 tropicis,
505 577 608 642 neque
632 557 745 634 Nouii,
768 579 871 644 neque
893 560 1006 628 Meuia·
1024 585 1140 631 nomen

101 646 182 796 porri
205 644 321 720 licere,
351 646 415 716 nisi
443 646 548 728 ipsunt
570 644 643 730 jam
671 647 862 727 scriptorem
884 666 1013 714 marre
1031 661 1139 738 puter.

120 752 140 794 n
171 729 396 800 discernendis
424 729 541 796 Naevii
569 740 603 798 et
633 729 729 800 Novii
760 729 879 801 fabulis
909 754 1034 804 summa
1065 748 1141 802 sunt

102 813 422 900 maritalilunkii1)‚
448 815 501 900 qui
524 814 585 894 vir,
607 813 816 898 plurimorum
845 816 998 885 librorum
1028 836 1140 896 auoto-

101 903 198 966 ritate
219 901 310 964 nisus
323 905 374 980 2),
396 921 454 981 aa,
476 921 561 996 quae
582 899 679 976 Nouii
701 911 796 980 aurat,
819 900 990 990 diligepter
1011 929 1032 972 a
1056 907 1140 974 Nae·

101 989 145 1052 vii
168 985 289 1051 sabulis
309 987 473 1050 discrevit.
515 984 582 1049 Vix
603 989 824 1062 necessarium
846 1002 905 1070 est,
927 1001 963 1057 ut
984 993 1142 1062 Naevium

103 1093 177 1138 cum
201 1073 307 1137 Navio
338 1071 435 1138 etiam
456 1091 580 1154 augure
593 1075 625 1158 ³)
655 1083 687 1136 et
710 1093 783 1137 oum
803 1074 954 1156 lilaevio,
982 1077 1141 1152 vilissimo

98 1159 292 1242 Augusteae
313 1159 431 1224 aetatis
453 1170 551 1241 poeta
563 1162 609 1238 4),
632 1162 822 1224 commutari
845 1182 1029 1240 memorem,
1057 1187 1142 1251 quae

99 1244 231 1329 quidem
253 1245 520 1310 commutationes
543 1265 610 1314 nou
630 1244 819 1328 impediunt,
841 1268 905 1335 quo
928 1251 1034 1320 minus
1055 1252 1140 1318 Nae-

99 1332 154 1396 uio
178 1350 240 1396 sua
261 1330 472 1401 vindicentur,

184 1448 340 1532 Magnum
370 1447 480 1516 dicere
507 1446 586 1512 licet
613 1459 747 1532 poetam
768 1449 927 1517 Naevium
950 1473 969 1519 e
990 1455 1140 1526 Platonis

95 1535 259 1605 sententia
272 1539 303 1619 ⁵)
332 1555 397 1619 qua
418 1535 440 1600 il
462 1545 584 1600 tanturn
606 1547 777 1618 poetarum
799 1539 929 1604 nomina
949 1542 1036 1624 digni
1052 1557 1139 1624 sunt,

98 1623 210 1706 quiet
233 1621 377 1688 comicas
406 1633 439 1685 et
460 1621 604 1703 traginas
637 1641 834 1704 componere
862 1624 973 1696 valant
999 1629 1140 1696 fabulas,

94 1706 181 1774 Nam
203 1707 245 1772 de
266 1707 358 1778 Livio
380 1707 538 1773 inoartuur
560 1705 667 1774 adhue
689 1719 758 1785 est,
779 1712 989 1793 smipseritna
1011 1738 1139 1782 aaaron.

95 1795 170 1862 dias
199 1813 263 1864 neo
285 1813 346 1874 ne,
373 1791 498 1866 Ennius
522 1803 631 1855 autem
651 1794 684 1864 in
710 1794 887 1860 comoediis
915 1797 1002 1870 haud
1032 1803 1139 1870 excel.

94 1876 200 1942 luisse
223 1878 367 1942 traditur.
410 1876 528 1950 Naevii
550 1888 657 1943 autem
682 1875 814 1948 fabulas
834 1881 880 1954 ita
901 1883 1083 1966 disponam,
1105 1899 1141 1960 ut

93 1967 235 2048 primum
258 1965 513 2058 tragoediarum,
535 1971 602 2026 tum
625 1965 865 2029 comoediarum
886 1965 1068 2048 fragmenta
1090 1996 1139 2038 ra·

93 2049 273 2127 eerrseam,
293 2069 400 2133 neque
422 2069 480 2112 eas
501 2047 683 2132 negligam,
712 2069 797 2141 quas
817 2050 902 2142 [also
924 2052 1001 2124 huic
1021 2070 1140 2148 poetae

93 2137 278 2208 tribuerunt
299 2134 371 2198 Viri
393 2133 498 2198 Docti.

180 2253 315 2323 Dubitat
349 2251 546 2326 Welnkerus
560 2253 613 2331 ⁶),
643 2271 686 2322 au
713 2248 859 2318 Naevius
894 2274 973 2319 vore
1011 2269 1138 2344 tragoe.

89 2343 169 2406 diae
192 2341 420 2422 composuerit.
464 2338 609 2402 Frustra.
652 2337 703 2401 Ea
727 2338 832 2416 enim,
861 2361 945 2429 quae
967 2343 1051 2414 infra
1074 2348 1138 2414 dis-

88 2427 301 2512 putabimus,
342 2425 383 2490 de
419 2423 545 2498 Naevio
585 2422 712 2505 tragico
755 2435 856 2513 poeta
896 2426 1036 2497 dubitari
1071 2453 1138 2502 non

89 2513 213 2585 alluunt·
536 2529 538 2534 ’

87 2718 118 2781 V
180 2628 391 2782 gollegeruut
413 2625 598 2698 fabularum
622 2625 863 2699 Naevianaruut
896 2629 1079 2714 fragmenta
1102 2637 1137 2704 hi

121 2720 164 2784 iri
217 2717 301 2782 noti:

88 2845 130 2904 R.
156 2851 189 2902 et
210 2843 251 2912 II.
275 2836 491 2916 Stepltmtffl),
522 2838 574 2913 qui
594 2833 714 2908 Naevii,
745 2835 830 2896 Nouii
853 2843 884 2897 et
907 2842 1009 2904 Laeuii
1030 2863 1136 2906 vorsus

218 2928 332 3002 ubique
349 2925 564 2996 confuderunt,
580 2923 684 2996 itaque
704 2925 801 2982 totam
816 2941 881 2982 rem
904 2924 1136 2990 conturbarunt:

89 3049 253 3122 Martiana
271 3047 382 3107 Delrr’o
406 3041 462 3120 (Μ.
484 3042 610 3101 Antonii
629 3041 722 3098 Dalrii
748 3061 783 3098 ex
805 3046 949 3104 societate
970 3047 1041 3107 Iesu
1065 3071 1135 3125 syn-

218 3135 320 3209 tagma
342 3129 517 3208 tragoediae
539 3128 675 3187 Latinae.
708 3125 832 3186 Parisiis
859 3127 949 3190 1619.
972 3151 1042 3213 pag.
1065 3135 1134 3196 108.

219 3212 300 3295 lio),
323 3217 374 3291 qui
397 3233 497 3290 nequa
520 3217 662 3276 accurate
686 3212 809 3291 collegii
829 3214 931 3276 li'aorii
953 3217 1134 3298 fragmenta,

218 3319 316 3376 nequa
339 3317 524 3390 magnopere
550 3299 587 3358 de
610 3301 645 3356 iis
669 3299 852 3375 explicandis
878 3305 1134 3382 emendandisque

217 3379 341 3446 meritus
371 3391 427 3446 eat.
470 3386 515 3446 Ne
545 3386 621 3444 illud
650 3386 772 3461 quidem
801 3387 871 3445 huin
893 3391 957 3446 niro
980 3389 1063 3448 laudi
1087 3396 1135 3450 est

219 3471 402 3545 ducendum,
424 3472 506 3548 quod
527 3471 671 3530 Naevium
694 3489 762 3528 cum
784 3470 878 3530 Nouio
902 3493 962 3532 non
985 3475 1133 3548 confudit,

218 3577 287 3616 cum
309 3559 536 3639 tragoediarum
558 3559 676 3626 tantum
707 3561 844 3628 veterum
874 3557 1045 3636 fragmenta
1069 3562 1133 3624 tol-

215 3643 335 3723 legerit,
703 3641 707 3650 '
928 3645 932 3651 ’

92 3821 296 3836 *ι*-

157 3933 185 4002 1)
203 3932 223 3987 l.
242 3933 261 3988 l.
274 3949 348 4009 pap.
367 3935 416 3989 lta
433 3949 491 4004 app.
545 3932 574 4000 2)
592 3932 610 3984 l.
629 3933 648 3984 l.
664 3931 794 4002 praefat.
809 3949 879 4007 paq.
897 3935 930 3988 V.
982 3937 1014 4008 3)
1033 3935 1132 3994 Mam

90 4018 127 4076 ud
154 4017 245 4072 Cicer.
270 4019 307 4074 do
325 4017 448 4090 Repndl.
467 4015 499 4070 ll.
517 4015 558 4070 20.
573 4030 646 4087 pap,
664 4016 733 4082 2663
759 4016 860 4072 eadm
877 4023 907 4073 tn
923 4038 957 4074 re
973 4022 1072 4095 lapaut
1088 4032 1131 4080 art

88 4099 224 4176 Repaliar
241 4103 342 4159 diuers.
362 4104 398 4157 da
414 4115 454 4156 re¹
464 4109 538 4172 trop.
550 4100 672 4154 Roman.
680 4099 776 4170 judio.
789 4105 969 4176 propitiant.
1005 4111 1035 4171 ⁴}
1059 4109 1129 4170 Woe-

89 4185 206 4244 aler-tl.
225 4189 407 4262 upupa-21.
460 4188 490 4254 5)
512 4184 622 4240 Cannio.
640 4203 712 4260 pap.
729 4187 780 4241 '223
797 4188 835 4244 D.
887 4191 916 4258 6)
935 4191 983 4246 dte
1003 4192 1130 4258 Grfepm.

88 4271 171 4326 salton
193 4271 547 4346 liapoedianpap.137·l.
600 4271 631 4339 7)
650 4271 688 4340 ns.
704 4289 774 4347 pap,
791 4275 833 4330 35,
1116 4283 1121 4299 ·
