2802 4908
644 311 922 388 -1762

262 502 396 582 praeter
410 489 605 564 Muellerum
625 491 768 562 editores
783 503 818 560 et
829 489 925 561 Both.
937 495 970 576 ¹)
993 489 1090 576 mele,
1109 515 1185 564 cnm
1200 491 1310 564 Varro

261 583 397 668 antiqua
417 591 542 648 tanturm
571 581 755 660 vocabula,
786 601 868 646 suae
890 579 993 648 aetati
1020 581 1177 650 inusitata
1199 593 1233 649 et
1253 585 1311 650 ab·
1393 613 1394 638 ;

262 689 373 749 scura,
394 675 580 747 enumeret;
619 665 799 732 Tmentilla
825 665 985 750 Sciopp.;
1019 666 1158 734 Pacuuii
1189 671 1267 735 aium
1289 691 1312 735 a
1393 681 1394 694 ¹

266 757 339 820 luae
368 754 466 820 codd.
491 752 589 820 Goth.
620 751 708 822 Flor.
728 753 850 834 Haun.;
884 751 1049 818 Pacuuius
1079 755 1154 822 dum
1183 777 1206 820 u
1240 760 1313 824 luce

262 839 336 905 cod.
358 833 463 905 Paris.
485 858 525 917 a;
555 839 676 904 dicium
705 859 729 904 a
750 841 823 904 luce
851 839 936 924 conj.
957 837 1102 924 Speng.;
1134 842 1168 907 in
1198 863 1311 908 ernen-

262 927 371 993 dendo
385 923 461 992 locu
479 925 618 1011 praeivit
633 921 832 992 Muellerust
855 923 1034 1008 (Naevius)
1049 929 1086 992 in
1104 926 1311 995 Terentilius
1393 927 1394 930 ’

669 1040 899 1116 praelucidum,

262 1143 306 1211 ab
328 1145 401 1212 luce
420 1145 561 1226 illustre.
605 1142 741 1212 Scilicet
763 1143 913 1232 quamvis
933 1140 976 1210 de
993 1141 1118 1227 ordine,
1141 1165 1207 1234 quo
1225 1144 1310 1214 Nae·
1393 1111 1394 1204 l

187 1285 189 1289 ⁴
262 1233 381 1298 vianas
409 1231 540 1298 fabulas
568 1221 772 1299 recensuerit
790 1225 917 1308 Varro,
953 1229 1041 1299 haud
1071 1235 1204 1300 omnino
1236 1257 1311 1300 uum

263 1317 425 1388 Muellera
447 1320 710 1399 consentiam),
730 1318 765 1383 id
788 1328 898 1386 tamen
918 1315 1018 1401 plane
1039 1318 1118 1384 mihi
1131 1323 1310 1407 persuasit,
1393 1395 1394 1398 Ἴ

263 1425 334 1494 non
354 1405 495 1472 Pacuvii
516 1425 591 1472 esse
619 1402 765 1472 fabulam
787 1401 1022 1482 Terentillam,
1054 1425 1150 1490 quern
1179 1427 1310 1473 comae·
1393 1413 1394 1472 l

263 1486 351 1556 diam
366 1489 544 1578 scripsisse
562 1511 649 1559 unus
664 1488 856 1574 Fulgentius
868 1492 900 1573 ⁸)
922 1498 1069 1560 testatur.
1101 1485 1215 1580 ltaque
1237 1515 1311 1560 cur·
1393 1489 1394 1510 ¹

263 1585 360 1662 rupta
381 1577 467 1657 sunt,
491 1593 575 1662 quae
596 1571 744 1642 inlibris
765 1574 929 1660 leguntur,
951 1576 997 1641 ita
1018 1583 1139 1656 tamen,
1162 1589 1198 1644 ut
1219 1580 1310 1644 codi-

264 1683 340 1729 cum
360 1662 511 1732 lectionis
535 1683 599 1747 ope
620 1661 719 1728 facile
748 1678 815 1726 vox
835 1656 1007 1727 Naevlena
1035 1665 1143 1747 possit
1171 1665 1310 1731 restitui.

263 1747 371 1823 Quam
397 1751 626 1836 praelucidum
654 1747 759 1816 luisse
787 1765 895 1834 nego:
930 1747 1093 1814 vocabula
1129 1750 1216 1816 enim
1248 1773 1311 1818 sus

264 1845 374 1901 aetate
396 1835 519 1902 abolita
532 1833 640 1902 Varro
657 1845 819 1901 recenset.
864 1833 1001 1922 Co'njeei
1018 1835 1226 1920 pallewidum
1238 1838 1261 1906 i.
1278 1858 1307 1905 c.

263 1943 286 1989 a
306 1920 382 1996 luce
405 1923 536 1991 omnino
565 1921 703 2002 illustre,
726 1943 746 1987 a
769 1921 899 1988 Graeco
921 1927 1004 1988 acie.

548 2130 552 2135 ·
670 2097 899 2168 Tunicularia.
1026 2120 1028 2125 ·

348 2217 539 2290 Priscianus
552 2223 605 2310 4):
638 2224 845 2290 uetustissimi
878 2217 974 2288 etlam
1005 2215 1124 2289 scicidi
1154 2223 1313 2314 profere-

263 2305 342 2376 lunt
357 2311 390 2392 ς)
412 2355 422 2376 .
510 2321 521 2376 .’
543 2357 552 2373 .
579 2305 727 2376 Naeuius
746 2305 781 2375 lu
810 2309 1048 2376 Teuticulart‘ut

305 2429 408 2500 immo,
429 2433 507 2506 duos
528 2422 717 2502 sciclullmus,
741 2427 940 2489 conscendam
956 2401 1051 2505 litque
1066 2423 1211 2502 adjiciam
1226 2413 1249 2490 .,’
1270 2464 1280 2482 .
1305 2463 1316 2484 .

264 2550 345 2620 qum
368 2529 464 2597 codd.
494 2525 611 2606 Dresd.
638 2530 732 2616 Lips,
745 2532 768 2598 1.
792 2524 919 2600 ,Zwicc
937 2519 981 2596 Π.
1010 2528 1143 2614 Erlang.
1160 2523 1200 2594 11.
1227 2523 1315 2594 Hei-

217 2623 221 2628 '
264 2617 369 2699 delb.;
391 2637 456 2704 quo
477 2618 566 2683 editt.
590 2628 623 2683 et
643 2611 758 2696 Both·.;
781 2615 976 2683 scisciderat
996 2613 1157 2682 Naevium
1177 2633 1315 2702 qnoque

264 2724 422 2770 exarasse
450 2723 470 2768 e
497 2705 608 2769 verbis
631 2703 728 2770 Gellii
744 2705 776 2787 ⁶)
806 2723 968 2791 apparere
998 2703 1144 2781 videtur,
1179 2702 1313 2786 quibus,

248 2791 372 2856 allatis
394 2790 510 2854 iisdem
530 2789 604 2878 fere
623 2811 697 2856 cum
721 2791 891 2859 Prisciano
921 2787 1099 2874 exemplis,
1131 2798 1164 2854 et
1185 2787 1313 2852 Attium

264 2888 298 2943 et
317 2877 455 2942 Ennium
477 2874 541 2941 hac
562 2869 670 2941 forma
691 2871 771 2942 usos
793 2871 1062 2963 suisseeffirmet.
1092 2870 1208 2958 Neque
1222 2893 1313 2938 sum·

262 2985 317 3028 mo
341 2963 509 3029 Gronovio
532 2961 709 3041 adversor,
738 2965 771 3027 in
795 2961 893 3028 Gellii
920 2960 1014 3027 libris
1036 2969 1069 3024 ct
1091 2979 1222 3027 versum
1245 2958 1315 3024 En-

263 3051 397 3114 nianum
418 3059 452 3130 et
472 3044 590 3130 Naevii
612 3051 806 3115 mentionem
828 3047 992 3113 excidisse
1013 3043 1221 3112 existimanti.

348 3157 401 3222 De
429 3143 589 3224 testiculis
619 3154 851 3225 exscindendis
884 3173 1069 3226 sermonem
1103 3175 1182 3224 csse
1210 3173 1314 3222 nemu

263 3251 317 3311 est
339 3245 416 3334 'quin
437 3245 558 3312 uideat.

307 3457 308 3464 ,
685 3387 879 3486 ,Tauium

257 3545 264 3558 ·
348 3508 526 3595 vanos).
549 3509 728 3596 (Naeuius)
748 3507 990 3576 iuuentutem

628 3643 632 3652 ·
723 3609 912 3704 censimum*

264 3705 467 3794 ueneficio,
488 3705 661 3770 cunemine
682 3705 810 3773 elicium.
899 3711 903 3720 ’

271 3801 431 3892 Technica
464 3817 537 3882 cod.
567 3807 657 3910 Fler.
686 3801 897 3912 suueuia.
920 3807 1095 3914 Venettsl.
1117 3819 1150 3877 et
1170 3803 1221 3912 1¹⁰.
1234 3801 1330 3875 ald

256 3969 474 3992 ’μ-ι-υ-Ιι

332 4067 361 4136 1)
377 4040 487 4138 frapm.
515 4068 591 4140 lucy.
610 4073 684 4138 'isay-
708 4061 777 4134 1433
800 4057 909 4136 fraym.
936 4053 1008 4115 aum.¹
1027 4075 1100 4134 pap.
1125 4053 1167 4116 285
1221 4057 1255 4127 2)
1275 4056 1324 4128 cf.

261 4161 332 4222 pap·
350 4149 410 4208 134·
462 4147 490 4218 3)
508 4166 530 4203 s.
547 4167 573 4204 u.
593 4139 738 4204 blaterare
749 4165 822 4222 pap.
840 4151 889 4220 561
906 4145 949 4200 M.
967 4150 1022 4203 391·
1039 4143 1075 4198 G:
1123 4143 1155 4214 4)
1170 4157 1242 4216 pap·
1262 4145 1321 4199 491
1393 4173 1394 4190 i

264 4231 364 4292 Krelu'l.
417 4231 445 4307 5)
464 4231 502 4305 cf·
514 4233 692 4288 Rudimaau.
711 4233 804 4288 Instlt.
823 4233 842 4288 Ι.
860 4245 930 4306 pua.
946 4233 998 4290 233
1014 4230 1059 4286 ed.
1077 4226 1156 4300 cipe.
1209 4227 1241 4293 6)
1254 4223 1324 4282 Vll.

264 4323 290 4376 9.
310 4323 343 4376 15
360 4335 439 4394 ⁸qu
471 4321 555 4392 7)„de
573 4321 641 4395 unq.
659 4318 725 4376 Lat.
738 4336 810 4392 pap.
828 4323 880 4378 386
899 4316 1006 4393 Spenp.
1133 4351 1139 4362 ·
