2802 4908
417 299 445 448 J
529 325 805 404 -rac-·

87 547 91 552 ·
141 514 293 578 inunum
316 506 518 586 Romanam,
537 515 624 572 teste
650 503 804 582 Terentio
822 511 877 588 ¹),
896 504 1073 595 conjunxit
1118 507 1186 576 Sed

141 617 206 670 non
237 598 286 660 ita
313 596 399 659 duas
425 591 759 678 fabulasconjunxit,
782 605 816 660 ut
835 593 898 658 nisi
920 614 1005 678 quae
1027 595 1059 659 in
1084 593 1186 660 Grae·
1252 661 1257 672 ,

124 686 191 750 ¹cis
225 680 468 765 exemplaribus
501 679 706 763 legerentur,
739 677 820 744 nihil
850 679 882 744 in
915 701 1009 744 suam
1041 679 1187 761 inferret,

141 768 412 856 quemadmodum
435 765 606 831 Terentius
634 763 747 830 t'acere
784 761 889 843 solet,
925 763 985 832 sed
1023 769 1070 832 ita
1105 769 1186 850 agit,

141 869 177 922 ut
198 856 368 928 Romanus
388 854 523 916 onrnino
542 853 586 918 sit
608 862 660 929 et,
690 852 843 934 quamvis
863 854 897 916 in
919 853 992 935 ipso
1015 855 1187 936 argaman&

141 955 175 1008 to
206 942 356 1008 Graecos
385 950 558 1024 sequetur,
587 937 620 1002 in
651 937 857 1020 expositione
886 949 995 1004 tamen
1018 938 1188 1008 Romanos

141 1031 234 1104 cives
255 1038 289 1091 et
310 1039 459 1109 tempora
487 1045 550 1090 sua
577 1024 752 1106 respiciat,
779 1023 891 1108 itaque
918 1036 1061 1090 veterem
1092 1028 1188 1109 qnasi

140 1115 286 1180 Atticam
312 1111 515 1177 comoediam
544 1131 618 1176 cum
648 1128 735 1174 nova
762 1108 1003 1254 conjungaf).
1046 1111 1188 1178 Romani

139 1202 226 1266 enim
247 1217 358 1272 mores
381 1207 477 1274 sunt,
508 1216 592 1282 qnos
614 1193 762 1280 plurimis
782 1194 866 1262 louis
887 1197 1043 1262 deacrihit
1056 1201 1109 1278 ³),
1131 1217 1186 1264 ne·

140 1307 206 1372 que
227 1287 344 1354 desunt
365 1282 449 1362 loci,
477 1285 596 1367 quibus
617 1283 737 1348 civium
757 1301 891 1348 suornm
914 1283 992 1348 vitia
1011 1295 1127 1366 carpat
1142 1287 1186 1365 4).

140 1375 276 1448 Summa
311 1371 408 1455 igitar
438 1367 504 1436 hac
538 1369 648 1434 etiam
667 1369 701 1432 in
734 1387 772 1432 re
805 1367 964 1436 libertate.
987 1371 1097 1434 utitur.
1150 1371 1187 1438 ln

141 1458 321 1524 comoediis
351 1457 455 1533 enim,
479 1455 750 1538 quemadmodum
767 1458 926 1538 supra⁵>
952 1454 1187 1535 demonstravi,

141 1541 428 1628 splendidissimas
451 1540 679 1614 Rornanorum
708 1550 825 1623 gentes
853 1550 892 1605 et¹
915 1541 1007 1608 viros
1033 1543 1188 1625 perstrin-

141 1633 210 1708 xit,
232 1628 483 1696 Metellosdico
506 1637 539 1690 et
560 1626 748 1710 Scipionem
762 1629 813 1709 6),
830 1627 926 1710 ηιιοᾱ
953 1648 1017 1692 non
1040 1628 1071 1693 in
1100 1627 1187 1694 bello

140 1717 265 1782 Punico
296 1715 418 1780 factum
441 1733 528 1790 esse,
550 1714 623 1797 jam
650 1714 682 1778 id
706 1715 910 1795 comprobat,
932 1713 1032 1798 quod,
1055 1725 1090 1779 ut
1112 1734 1187 1798 pro·

138 1806 202 1869 bra
222 1801 279 1867 illa
300 1797 478 1866 innobiles
500 1799 653 1864 ccn‘ecta
674 1797 828 1880 dilueret,
858 1797 1003 1867 fabulam
1024 1798 1188 1883 duplicem

139 1889 301 1956 nomicum
330 1885 532 1970 composuit,
559 1819 735 1952 llariolum
758 1895 795 1960 ¹ot
821 1883 999 1963 Leontem,
1026 1907 1092 1952 non
1115 1905 1187 1954 car·

138 1996 214 2044 men
245 1974 384 2058 epicum.
428 1971 535 2046 Quam
550 1971 673 2039 audax
693 1971 842 2037 Naevius
863 1968 971 2049 fuerit,
999 1969 1075 2038 inde
1096 1983 1187 2054 puto,

139 2062 263 2145 optimc
293 2058 484 2144 apparebit,
515 2057 545 2120 si
574 2075 648 2122 cum
678 2056 795 2122 Plauto
824 2077 897 2120 eum
930 2060 1187 2140 comparaveris,

140 2147 292 2212 Plautum
322 2153 430 2210 antem
454 2143 687 2208 amicissimum
709 2142 836 2208 Naevio
858 2141 980 2221 fnisse,
1010 2163 1053 2208 ca
1082 2144 1187 2228 ipsius

138 2231 262 2300 fabulis
302 2241 433 2296 cormtat
441 2233 486 2310 1).
530 2229 637 2304 Autici
666 2248 745 2293 vero
774 2240 809 2292 et
837 2227 1002 2315 conjuncti
1031 2247 1071 2297 eo
1108 2251 1188 2315 quo-r

139 2340 206 2405 quc
222 2319 366 2388 nomine
393 2315 542 2392 fuerunt,
572 2316 661 2399 quod
688 2335 710 2380 a
739 2312 846 2398 plebis
874 2317 1022 2398 pertibus
1042 2317 1187 2396 stabant,

138 2404 351 2489 optimatibus
373 2421 438 2468 non
461 2401 626 2466 favebant.
672 2401 758 2475 Quid
780 2399 889 2476 enimi
920 2402 949 2466 si
969 2400 1110 2481 Plautus
1130 2425 1188 2478 no·

138 2491 253 2560 billum
277 2499 408 2573 partes,
440 2496 477 2553 nt
498 2485 639 2565 Ennius,
664 2485 835 2570 amplexus
858 2499 967 2563 esset,
1006 2490 1190 2570 cogitaris·

139 2587 269 2663 potest,
299 2574 457 2649 humanm
479 2571 512 2636 in
534 2572 673 2656 pistrina
698 2573 872 2639 molantem
893 2573 1109 2657 farne-paene
1130 2597 1188 2660 op·

139 2663 237 2748 primi
260 2661 407 2726 sivisse?
450 2659 517 2723 Sed
539 2661 572 2723 in
594 2658 768 2741 Scipiones
790 2680 863 2726 cum
891 2659 1017 2724 Naevio
1041 2662 1189 2730 car-mini·

138 2753 204 2816 bus
237 2749 309 2812 suis
343 2747 506 2810 invectum
541 2763 618 2809 esse
647 2743 816 2822 Plautum,
853 2744 1017 2825 Cicero⁸)
1057 2745 1188 2814 disertis

139 2834 254 2901 verbis
276 2843 429 2912 testatur,
456 2831 583 2915 dequo
605 2829 681 2895 loco
703 2831 858 2915 supra⁹)·
873 2832 1095 2898 dissernimus.
1133 2835 1189 2918 Aa

139 2919 342 3008 quaesiverit
369 2915 507 3002 uliquis,
538 2936 597 2980 cur
625 2915 720 3000 plebs
750 2914 866 2982 Plauto
898 2938 959 2981 sno
989 2916 1075 2982 fame
1097 2918 1188 2984 labo·

138 3007 227 3073 ranti
256 3026 322 3070 non
348 3002 532 3080 succurrit,
560 3003 684 3066 Naevio
714 3004 756 3066 de
786 3005 853 3067 vita
880 3003 1074 3086 periclitanti
1095 3008 1216 3072 auxi-¹

139 3095 221 3161 lium
243 3089 406 3174 tutit¹⁰)t
449 3087 590 3152 Primum
612 3089 768 3154 Sarsinas
790 3087 947 3169 Plautus,
972 3089 1119 3156 Naevius
1141 3104 1188 3158 ta·

140 3200 217 3248 men
250 3177 420 3243 Romanus
457 3189 526 3254 est;
560 3185 626 3240 tum
659 3174 780 3239 diversi
813 3174 911 3242 etiam
948 3188 1024 3240 sunt
1058 3182 1211 3262 poderes

137 3264 312 3338 Audacicr
342 3263 428 3328 eninr
456 3260 624 3341 Naevius,
652 3262 883 3346 suppressior,
915 3283 980 3349 quo
1011 3274 1083 3328 erat
1111 3263 1188 3335 loco

137 3352 283 3440 positus,
312 3345 464 3424 Plautns3
499 3349 689 3430 πολιτικός,
710 3360 746 3412 ut
767 3348 813 3414 ita
835 3347 954 3428 dicam,
974 3345 1042 3428 hic,
1065 3351 1189 3432 ἠθικός

137 3437 210 3518 illo,
230 3448 389 3518 veterem,
411 3431 497 3522 quod
519 3432 561 3498 ad
585 3431 757 3500 consilium
785 3445 933 3516 spectat,
960 3431 1188 3514 hic,dnovam

138 3525 197 3605 ille
218 3519 421 3588 comoediam
442 3516 634 3604 aemulatur.
679 3519 782 3600 Nam,
804 3519 892 3584 utin
915 3517 1089 3602 Cleonem,
1117 3525 1189 3608 Hy·

137 3607 327 3700 periclum,
345 3601 555 3684 Lamachum,
577 3603 667 3671 alios
684 3603 945 3689 Aristophanes,
972 3604 1006 3670 in
1030 3607 1188 3682 Periclem

136 3767 350 3786 ψ

210 3857 240 3924 1)
257 3851 347 3908 Andr.
357 3850 436 3924 prol.
456 3853 488 3907 17
495 3866 505 3918 3
529 3847 660 3904 Eunucln
670 3849 799 3923 proh&
853 3852 883 3920 2)
902 3849 940 3920 es.
955 3867 1028 3928 pap.
1045 3859 1102 3912 109.
1139 3857 1187 3928 ,3)

137 3961 163 3998 e.
182 3959 226 4015 pr.
251 3939 378 3994 Acontlz.
397 3939 422 3994 8.
456 3935 566 4010 Apicat.
584 3935 610 3991 6.
642 3931 722 3988 Patt.
744 3926 778 4005 l;
814 3933 955 4010 rupted.
973 3944 1004 3996 11
1038 3939 1138 3994 incert.
1163 3950 1187 3998 1.

136 4029 170 4100 4)
191 4023 310 4081 Erular.
330 4031 352 4079 1.
372 4021 446 4076 Lod.
464 4031 487 4077 1.
509 4021 623 4076 Terent.
639 4024 663 4077 6.
682 4027 706 4077 7.
724 4023 781 4098 foc.
799 4025 839 4075 16.
856 4027 898 4077 21.
951 4023 981 4086 5)
992 4036 1064 4092 pap.
1084 4029 1115 4079 18
1129 4041 1187 4098 epp·

136 4114 170 4184 6)
191 4108 229 4180 cf·
247 4106 356 4180 frupm.
376 4110 584 4164 1111221123.
645 4107 676 4177 7)
695 4105 755 4158 nat.
766 4103 843 4184 plor.
860 4102 892 4158 ll.
910 4109 936 4160 2.
954 4110 1004 4164 dit
1031 4105 1125 4164 carn.
1141 4109 1187 4168 ΙΙΙ.

137 4201 236 4261 1·10;
263 4190 303 4260 cf.
314 4207 386 4266 pap·
403 4198 435 4250 tl
453 4200 482 4248 et
498 4199 555 4250 141.
608 4192 636 4256 8)
664 4189 701 4242 de
717 4187 840 4262 Rapuit.
857 4207 927 4263 pap.
942 4193 994 4246 4³6
1018 4191 1062 4244 ed.
1078 4189 1187 4254 Moser·

134 4282 170 4352 9)
186 4297 256 4356 pap.
276 4281 317 4335 16.
371 4282 416 4348 10)
436 4278 474 4349 cf.
487 4297 557 4353 pap.
571 4281 603 4354 21
621 4283 650 4330 et
662 4280 705 4332 22.
