<?xml version="1.0" encoding="UTF-8"?>
<!DOCTYPE html PUBLIC "-//W3C//DTD XHTML 1.0 Transitional//EN"
    "http://www.w3.org/TR/xhtml1/DTD/xhtml1-transitional.dtd">
<html xmlns="http://www.w3.org/1999/xhtml" xml:lang="en" lang="en">
 <head>
  <title>
</title>
<meta http-equiv="Content-Type" content="text/html;charset=utf-8" />
  <meta name='ocr-system' content='tesseract 3.04.00' />
  <meta name='ocr-capabilities' content='ocr_page ocr_carea ocr_par ocr_line ocrx_word'/>
</head>
<body>
  <div class='ocr_page' id='page_1' title='image "./naeviivitamdesc00klusgoog/naeviivitamdesc00klusgoog_0090.png"; bbox 0 0 2776 4892; ppageno 0'>
   <div class='ocr_carea' id='block_1_1' title="bbox 500 277 749 358">
    <p class='ocr_par' dir='ltr' id='par_1_1' title="bbox 500 277 749 358">
     <span class='ocr_line' id='line_1_1' title="bbox 500 277 749 358; baseline 0.016 -22"><span class='ocrx_word' id='word_1_1' title='bbox 500 277 749 358; x_wconf 79' lang='grc'>...75-</span> 
     </span>
    </p>
   </div>
   <div class='ocr_carea' id='block_1_2' title="bbox 114 456 1175 714">
    <p class='ocr_par' dir='ltr' id='par_1_2' title="bbox 114 456 1175 714">
     <span class='ocr_line' id='line_1_2' title="bbox 116 456 1153 557; baseline 0.021 -40"><span class='ocrx_word' id='word_1_2' title='bbox 116 473 228 538; x_wconf 81' lang='lat' dir='ltr'><strong>panum</strong></span> <span class='ocrx_word' id='word_1_3' title='bbox 250 456 475 539; x_wconf 79' lang='lat' dir='ltr'>obsidentem,</span> <span class='ocrx_word' id='word_1_4' title='bbox 506 460 561 545; x_wconf 90' lang='lat' dir='ltr'><strong>qui</strong></span> <span class='ocrx_word' id='word_1_5' title='bbox 590 462 634 528; x_wconf 74' lang='lat' dir='ltr'><strong>aul</strong></span> <span class='ocrx_word' id='word_1_6' title='bbox 662 460 900 533; x_wconf 80' lang='lat' dir='ltr'><strong>defendendum</strong></span> <span class='ocrx_word' id='word_1_7' title='bbox 922 471 1078 557; x_wconf 82' lang='lat' dir='ltr'><strong>oppidum</strong></span> <span class='ocrx_word' id='word_1_8' title='bbox 1098 492 1153 556; x_wconf 54' lang='lat' dir='ltr'><strong>ace</strong></span> 
     </span>
     <span class='ocr_line' id='line_1_3' title="bbox 115 545 1175 644; baseline 0.022 -41"><span class='ocrx_word' id='word_1_9' title='bbox 115 561 278 606; x_wconf 88' lang='lat' dir='ltr'><strong>cursurum</strong></span> <span class='ocrx_word' id='word_1_10' title='bbox 307 563 384 608; x_wconf 85' lang='lat' dir='ltr'><strong>esse</strong></span> <span class='ocrx_word' id='word_1_11' title='bbox 410 545 629 613; x_wconf 80' lang='lat' dir='ltr'><strong>Hamilcarem</strong></span> <span class='ocrx_word' id='word_1_12' title='bbox 656 555 893 636; x_wconf 78' lang='lat' dir='ltr'><strong>exspectabat,</strong></span> <span class='ocrx_word' id='word_1_13' title='bbox 923 557 954 621; x_wconf 94' lang='lat' dir='ltr'><strong>in</strong></span> <span class='ocrx_word' id='word_1_14' title='bbox 977 579 1051 644; x_wconf 78' lang='lat' dir='ltr'><strong>quo</strong></span> <span class='ocrx_word' id='word_1_15' title='bbox 1078 575 1175 626; x_wconf 82' lang='lat' dir='ltr'><strong>eum&#39;</strong></span> 
     </span>
     <span class='ocr_line' id='line_1_4' title="bbox 114 627 472 714; baseline 0.017 -25"><span class='ocrx_word' id='word_1_16' title='bbox 114 645 187 712; x_wconf 87' lang='lat' dir='ltr'><strong>spes</strong></span> <span class='ocrx_word' id='word_1_17' title='bbox 207 649 273 695; x_wconf 90' lang='lat' dir='ltr'><strong>uon</strong></span> <span class='ocrx_word' id='word_1_18' title='bbox 293 627 410 697; x_wconf 82' lang='lat' dir='ltr'><strong>fefellit</strong></span> <span class='ocrx_word' id='word_1_19' title='bbox 430 633 472 714; x_wconf 81' lang='lat'><strong>¹).</strong></span> 
     </span>
    </p>
   </div>
   <div class='ocr_carea' id='block_1_3' title="bbox 525 791 733 807">
    <p class='ocr_par' dir='ltr' id='par_1_3' title="bbox 525 791 733 807">
     <span class='ocr_line' id='line_1_5' title="bbox 525 791 733 807; baseline 0.01 -4"><span class='ocrx_word' id='word_1_20' title='bbox 525 791 733 807; x_wconf 54' lang='lat' dir='ltr'><strong>m-</strong></span> 
     </span>
    </p>
   </div>
   <div class='ocr_carea' id='block_1_4' title="bbox 402 976 860 1071">
    <p class='ocr_par' dir='ltr' id='par_1_4' title="bbox 402 976 860 1071">
     <span class='ocr_line' id='line_1_6' title="bbox 402 976 860 1071; baseline 0.009 -26"><span class='ocrx_word' id='word_1_21' title='bbox 402 976 601 1070; x_wconf 72' lang='lat' dir='ltr'><strong>Fragmenta</strong></span> <span class='ocrx_word' id='word_1_22' title='bbox 627 977 697 1047; x_wconf 83' lang='lat' dir='ltr'>libri</span> <span class='ocrx_word' id='word_1_23' title='bbox 722 984 860 1071; x_wconf 78' lang='lat' dir='ltr'><strong>septimi.</strong></span> 
     </span>
    </p>
   </div>
   <div class='ocr_carea' id='block_1_5' title="bbox 614 1140 644 1203">
    <p class='ocr_par' dir='ltr' id='par_1_5' title="bbox 614 1140 644 1203">
     <span class='ocr_line' id='line_1_7' title="bbox 614 1140 644 1203; baseline -0.033 0"><span class='ocrx_word' id='word_1_24' title='bbox 614 1140 644 1203; x_wconf 87' lang='lat'><strong>1.</strong></span> 
     </span>
    </p>
   </div>
   <div class='ocr_carea' id='block_1_6' title="bbox 106 1245 1164 1596">
    <p class='ocr_par' dir='ltr' id='par_1_6' title="bbox 106 1245 1164 1596">
     <span class='ocr_line' id='line_1_8' title="bbox 185 1245 1164 1332; baseline 0.016 -23"><span class='ocrx_word' id='word_1_25' title='bbox 185 1245 309 1311; x_wconf 81' lang='lat' dir='ltr'><strong>Festus</strong></span> <span class='ocrx_word' id='word_1_26' title='bbox 325 1251 378 1326; x_wconf 72' lang='lat'><strong>²):</strong></span> <span class='ocrx_word' id='word_1_27' title='bbox 400 1250 548 1332; x_wconf 63' lang='lat' dir='ltr'><strong>sagmina</strong></span> <span class='ocrx_word' id='word_1_28' title='bbox 569 1259 731 1316; x_wconf 80' lang='lat' dir='ltr'><strong>vocantur</strong></span> <span class='ocrx_word' id='word_1_29' title='bbox 750 1251 930 1332; x_wconf 83' lang='lat' dir='ltr'><strong>uerbenae,</strong></span> <span class='ocrx_word' id='word_1_30' title='bbox 952 1256 989 1320; x_wconf 75' lang='lat' dir='ltr'><strong>iri</strong></span> <span class='ocrx_word' id='word_1_31' title='bbox 1007 1266 1056 1322; x_wconf 82' lang='lat' dir='ltr'><strong>est</strong></span> <span class='ocrx_word' id='word_1_32' title='bbox 1075 1259 1164 1326; x_wconf 82' lang='lat' dir='ltr'><strong>ber--</strong></span> 
     </span>
     <span class='ocr_line' id='line_1_9' title="bbox 108 1327 1149 1420; baseline 0.019 -28"><span class='ocrx_word' id='word_1_33' title='bbox 108 1327 162 1393; x_wconf 81' lang='lat' dir='ltr'><strong>bue</strong></span> <span class='ocrx_word' id='word_1_34' title='bbox 177 1349 307 1414; x_wconf 80' lang='lat' dir='ltr'><strong>purae,</strong></span> <span class='ocrx_word' id='word_1_35' title='bbox 338 1333 418 1420; x_wconf 77' lang='lat' dir='ltr'><strong>quia</strong></span> <span class='ocrx_word' id='word_1_36' title='bbox 439 1354 480 1398; x_wconf 79' lang='lat' dir='ltr'><strong>ex</strong></span> <span class='ocrx_word' id='word_1_37' title='bbox 502 1337 713 1402; x_wconf 86' lang='lat' dir='ltr'><strong>locosancto</strong></span> <span class='ocrx_word' id='word_1_38' title='bbox 736 1339 938 1404; x_wconf 72' lang='lat' dir='ltr'><em>arcebantur</em></span> <span class='ocrx_word' id='word_1_39' title='bbox 959 1361 981 1405; x_wconf 85' lang='lat' dir='ltr'><strong>a</strong></span> <span class='ocrx_word' id='word_1_40' title='bbox 1008 1342 1149 1412; x_wconf 66' lang='lat' dir='ltr'><strong>causaue</strong></span> 
     </span>
     <span class='ocr_line' id='line_1_10' title="bbox 109 1413 1145 1572; baseline 0.018 -94"><span class='ocrx_word' id='word_1_41' title='bbox 109 1413 305 1484; x_wconf 71' lang='lat' dir='ltr'><strong>Praetorem</strong></span> <span class='ocrx_word' id='word_1_42' title='bbox 326 1419 442 1505; x_wconf 74' lang='lat' dir='ltr'><strong>leqctir</strong></span> <span class='ocrx_word' id='word_1_43' title='bbox 475 1420 522 1485; x_wconf 84' lang='lat' dir='ltr'><strong>ad</strong></span> <span class='ocrx_word' id='word_1_44' title='bbox 531 1421 662 1572; x_wconf 50' lang='lat' dir='ltr'><strong>gradus</strong></span> <span class='ocrx_word' id='word_1_45' title='bbox 682 1423 872 1513; x_wconf 77' lang='lat' dir='ltr'><strong>sccimdam</strong></span> <span class='ocrx_word' id='word_1_46' title='bbox 897 1425 1076 1514; x_wconf 74' lang='lat' dir='ltr'><strong><em>bellumque</em></strong></span> <span class='ocrx_word' id='word_1_47' title='bbox 1097 1434 1145 1496; x_wconf 82' lang='lat' dir='ltr'><strong>tn-</strong></span> 
     </span>
     <span class='ocr_line' id='line_1_11' title="bbox 106 1499 1148 1596; baseline 0.019 -33"><span class='ocrx_word' id='word_1_48' title='bbox 106 1499 273 1578; x_wconf 74' lang='lat' dir='ltr'><strong>dicendam</strong></span> <span class='ocrx_word' id='word_1_49' title='bbox 287 1506 340 1570; x_wconf 80' lang='lat' dir='ltr'><strong>vet</strong></span> <span class='ocrx_word' id='word_1_50' title='bbox 358 1525 381 1569; x_wconf 86' lang='lat' dir='ltr'><strong>a</strong></span> <span class='ocrx_word' id='word_1_51' title='bbox 396 1507 530 1571; x_wconf 72' lang='lat' dir='ltr'><strong>tuamen</strong></span> <span class='ocrx_word' id='word_1_52' title='bbox 555 1528 586 1588; x_wconf 92' lang='lat' dir='ltr'><strong>o,</strong></span> <span class='ocrx_word' id='word_1_53' title='bbox 602 1507 703 1574; x_wconf 83' lang='lat' dir='ltr'><strong>idest</strong></span> <span class='ocrx_word' id='word_1_54' title='bbox 721 1509 954 1596; x_wconf 70' lang='lat' dir='ltr'><strong>confirmando.</strong></span> <span class='ocrx_word' id='word_1_55' title='bbox 981 1513 1148 1583; x_wconf 81' lang='lat' dir='ltr'><strong>Naevius:</strong></span> 
     </span>
    </p>
   </div>
   <div class='ocr_carea' id='block_1_7' title="bbox 104 1621 1105 1800">
    <p class='ocr_par' dir='ltr' id='par_1_7' title="bbox 104 1621 1105 1800">
     <span class='ocr_line' id='line_1_12' title="bbox 224 1621 1105 1707; baseline 0.011 -28"><span class='ocrx_word' id='word_1_56' title='bbox 224 1621 276 1679; x_wconf 77' lang='lat' dir='ltr'><strong>iris</strong></span> <span class='ocrx_word' id='word_1_57' title='bbox 296 1627 457 1682; x_wconf 74' lang='lat' dir='ltr'><strong>sacratum</strong></span> <span class='ocrx_word' id='word_1_58' title='bbox 478 1621 569 1684; x_wconf 72' lang='lat' dir='ltr'><strong>Jovts</strong></span> <span class='ocrx_word' id='word_1_59' title='bbox 583 1622 758 1702; x_wconf 65' lang='lat' dir='ltr'><strong>jurandum</strong></span> <span class='ocrx_word' id='word_1_60' title='bbox 780 1629 921 1707; x_wconf 67' lang='lat' dir='ltr'><strong>sagmine</strong></span> <span class='ocrx_word' id='word_1_61' title='bbox 938 1621 955 1687; x_wconf 86' lang='grc'><strong>.’</strong></span> <span class='ocrx_word' id='word_1_62' title='bbox 981 1674 987 1687; x_wconf 90' lang='lat'><em>.</em></span> <span class='ocrx_word' id='word_1_63' title='bbox 1099 1693 1105 1704; x_wconf 56' lang='lat'><strong>,</strong></span> 
     </span>
     <span class='ocr_line' id='line_1_13' title="bbox 104 1724 797 1800; baseline 0.019 -17"><span class='ocrx_word' id='word_1_64' title='bbox 104 1737 193 1800; x_wconf 84' lang='lat' dir='ltr'><strong>quem</strong></span> <span class='ocrx_word' id='word_1_65' title='bbox 215 1743 351 1792; x_wconf 86' lang='lat' dir='ltr'><strong>versum</strong></span> <span class='ocrx_word' id='word_1_66' title='bbox 371 1725 418 1792; x_wconf 85' lang='lat' dir='ltr'><strong>ita</strong></span> <span class='ocrx_word' id='word_1_67' title='bbox 438 1724 571 1795; x_wconf 80' lang='lat' dir='ltr'>exhibet</span> <span class='ocrx_word' id='word_1_68' title='bbox 589 1725 797 1796; x_wconf 76' lang='lat' dir='ltr'><strong>Schuettiust</strong></span> 
     </span>
    </p>
   </div>
   <div class='ocr_carea' id='block_1_8' title="bbox 349 1837 927 2007">
    <p class='ocr_par' dir='ltr' id='par_1_8' title="bbox 349 1837 927 2007">
     <span class='ocr_line' id='line_1_14' title="bbox 610 1837 927 1923; baseline 0.019 -23"><span class='ocrx_word' id='word_1_69' title='bbox 610 1884 618 1900; x_wconf 88' lang='lat'><strong>.</strong></span> <span class='ocrx_word' id='word_1_70' title='bbox 638 1841 692 1920; x_wconf 84' lang='lat' dir='ltr'><strong>jus</strong></span> <span class='ocrx_word' id='word_1_71' title='bbox 715 1837 871 1904; x_wconf 65' lang='lat' dir='ltr'><strong>surranum</strong></span> <span class='ocrx_word' id='word_1_72' title='bbox 923 1909 927 1923; x_wconf 34' lang='lat'><strong>¹</strong></span> 
     </span>
     <span class='ocr_line' id='line_1_15' title="bbox 349 1921 796 2007; baseline 0.009 -22"><span class='ocrx_word' id='word_1_73' title='bbox 349 1921 437 1986; x_wconf 83' lang='lat' dir='ltr'><strong>Jcris</strong></span> <span class='ocrx_word' id='word_1_74' title='bbox 457 1923 625 2004; x_wconf 83' lang='lat' dir='ltr'><strong>jurandum</strong></span> <span class='ocrx_word' id='word_1_75' title='bbox 648 1925 796 2007; x_wconf 75' lang='lat' dir='ltr'><strong>sagmine.</strong></span> 
     </span>
    </p>
   </div>
   <div class='ocr_carea' id='block_1_9' title="bbox 100 2019 895 2316">
    <p class='ocr_par' dir='ltr' id='par_1_9' title="bbox 100 2019 895 2316">
     <span class='ocr_line' id='line_1_16' title="bbox 101 2019 450 2096; baseline 0.029 -10"><span class='ocrx_word' id='word_1_76' title='bbox 101 2019 281 2094; x_wconf 83' lang='lat' dir='ltr'><strong>Muellerus</strong></span> <span class='ocrx_word' id='word_1_77' title='bbox 302 2029 450 2096; x_wconf 75' lang='lat' dir='ltr'><strong>mavult:</strong></span> 
     </span>
     <span class='ocr_line' id='line_1_17' title="bbox 141 2143 895 2223; baseline -0.001 -21"><span class='ocrx_word' id='word_1_78' title='bbox 141 2195 144 2202; x_wconf 95' lang='lat'><em>.</em></span> <span class='ocrx_word' id='word_1_79' title='bbox 221 2143 309 2203; x_wconf 83' lang='lat' dir='ltr'><strong>Jovis</strong></span> <span class='ocrx_word' id='word_1_80' title='bbox 333 2148 488 2204; x_wconf 85' lang='lat' dir='ltr'><strong>sacratum</strong></span> <span class='ocrx_word' id='word_1_81' title='bbox 508 2143 727 2223; x_wconf 82' lang='lat' dir='ltr'><strong>jusjurandum</strong></span> <span class='ocrx_word' id='word_1_82' title='bbox 749 2146 895 2223; x_wconf 81' lang='lat' dir='ltr'><strong>sagmine.</strong></span> 
     </span>
     <span class='ocr_line' id='line_1_18' title="bbox 100 2247 597 2316; baseline 0.02 -11"><span class='ocrx_word' id='word_1_83' title='bbox 100 2251 130 2306; x_wconf 87' lang='lat' dir='ltr'><strong>ut</strong></span> <span class='ocrx_word' id='word_1_84' title='bbox 148 2247 306 2313; x_wconf 86' lang='lat' dir='ltr'><strong>senarius</strong></span> <span class='ocrx_word' id='word_1_85' title='bbox 326 2268 446 2314; x_wconf 82' lang='lat' dir='ltr'><strong>versus</strong></span> <span class='ocrx_word' id='word_1_86' title='bbox 467 2249 597 2316; x_wconf 85' lang='lat' dir='ltr'><strong>evadat.</strong></span> 
     </span>
    </p>
   </div>
   <div class='ocr_carea' id='block_1_10' title="bbox 174 2379 1140 2472">
    <p class='ocr_par' dir='ltr' id='par_1_10' title="bbox 174 2379 1140 2472">
     <span class='ocr_line' id='line_1_19' title="bbox 174 2379 1140 2472; baseline 0.007 -27"><span class='ocrx_word' id='word_1_87' title='bbox 174 2380 384 2463; x_wconf 88' lang='lat' dir='ltr'><strong>Schuettius,</strong></span> <span class='ocrx_word' id='word_1_88' title='bbox 407 2385 494 2472; x_wconf 88' lang='lat' dir='ltr'><strong>quod</strong></span> <span class='ocrx_word' id='word_1_89' title='bbox 516 2381 631 2450; x_wconf 87' lang='lat' dir='ltr'><strong>ecdem</strong></span> <span class='ocrx_word' id='word_1_90' title='bbox 653 2379 730 2448; x_wconf 88' lang='lat' dir='ltr'><strong>loco</strong></span> <span class='ocrx_word' id='word_1_91' title='bbox 753 2382 841 2468; x_wconf 85' lang='lat' dir='ltr'><strong>apud</strong></span> <span class='ocrx_word' id='word_1_92' title='bbox 862 2380 1000 2449; x_wconf 88' lang='lat' dir='ltr'><strong>Paulum</strong></span> <span class='ocrx_word' id='word_1_93' title='bbox 1022 2380 1140 2452; x_wconf 84' lang='lat' dir='ltr'><strong>Diaco-</strong></span> 
     </span>
    </p>
   </div>
   <div class='ocr_carea' id='block_1_11' title="bbox 88 2466 1142 3842">
    <p class='ocr_par' dir='ltr' id='par_1_11' title="bbox 88 2466 1142 3842">
     <span class='ocr_line' id='line_1_20' title="bbox 97 2466 1141 2553; baseline 0.011 -26"><span class='ocrx_word' id='word_1_94' title='bbox 97 2479 164 2530; x_wconf 84' lang='lat' dir='ltr'><strong>uurn</strong></span> <span class='ocrx_word' id='word_1_95' title='bbox 185 2466 279 2534; x_wconf 86' lang='lat' dir='ltr'><strong>alius</strong></span> <span class='ocrx_word' id='word_1_96' title='bbox 300 2489 418 2536; x_wconf 88' lang='lat' dir='ltr'><strong>versus</strong></span> <span class='ocrx_word' id='word_1_97' title='bbox 439 2469 629 2536; x_wconf 87' lang='lat' dir='ltr'><strong>Naevianus</strong></span> <span class='ocrx_word' id='word_1_98' title='bbox 644 2468 678 2553; x_wconf 72' lang='grc'><strong>3)</strong></span> <span class='ocrx_word' id='word_1_99' title='bbox 700 2467 836 2552; x_wconf 81' lang='lat' dir='ltr'><strong>legitur,</strong></span> <span class='ocrx_word' id='word_1_100' title='bbox 869 2467 958 2533; x_wconf 90' lang='lat' dir='ltr'><strong>hunc</strong></span> <span class='ocrx_word' id='word_1_101' title='bbox 989 2491 1062 2536; x_wconf 90' lang='lat' dir='ltr'><strong>cum</strong></span> <span class='ocrx_word' id='word_1_102' title='bbox 1083 2471 1141 2539; x_wconf 89' lang='lat' dir='ltr'><strong>illo</strong></span> 
     </span>
     <span class='ocr_line' id='line_1_21' title="bbox 97 2553 1141 2638; baseline 0.01 -25"><span class='ocrx_word' id='word_1_103' title='bbox 97 2553 358 2637; x_wconf 80' lang='lat' dir='ltr'><strong>conjungendum</strong></span> <span class='ocrx_word' id='word_1_104' title='bbox 388 2556 510 2621; x_wconf 80' lang='lat' dir='ltr'>statuit.</span> <span class='ocrx_word' id='word_1_105' title='bbox 553 2553 700 2619; x_wconf 84' lang='lat' dir='ltr'>Frustra.</span> <span class='ocrx_word' id='word_1_106' title='bbox 742 2553 925 2638; x_wconf 89' lang='lat' dir='ltr'><strong>Utrumque</strong></span> <span class='ocrx_word' id='word_1_107' title='bbox 955 2556 1040 2620; x_wconf 89' lang='lat' dir='ltr'><strong>enim</strong></span> <span class='ocrx_word' id='word_1_108' title='bbox 1070 2576 1141 2622; x_wconf 87' lang='lat' dir='ltr'><strong>ver·</strong></span> 
     </span>
     <span class='ocr_line' id='line_1_22' title="bbox 95 2639 1142 2725; baseline 0.008 -25"><span class='ocrx_word' id='word_1_109' title='bbox 95 2649 161 2700; x_wconf 81' lang='lat' dir='ltr'><strong>sum</strong></span> <span class='ocrx_word' id='word_1_110' title='bbox 182 2659 253 2705; x_wconf 91' lang='lat' dir='ltr'><strong>non</strong></span> <span class='ocrx_word' id='word_1_111' title='bbox 278 2640 471 2706; x_wconf 81' lang='lat' dir='ltr'><strong>cohaesisse</strong></span> <span class='ocrx_word' id='word_1_112' title='bbox 499 2660 566 2705; x_wconf 85' lang='lat' dir='ltr'><strong>vox</strong></span> <span class='ocrx_word' id='word_1_113' title='bbox 587 2641 735 2725; x_wconf 74' lang='lat' dir='ltr'><strong>saynrina</strong></span> <span class='ocrx_word' id='word_1_114' title='bbox 755 2639 790 2703; x_wconf 91' lang='lat' dir='ltr'><strong>in</strong></span> <span class='ocrx_word' id='word_1_115' title='bbox 811 2648 950 2723; x_wconf 88' lang='lat' dir='ltr'><strong>utroque</strong></span> <span class='ocrx_word' id='word_1_116' title='bbox 972 2659 1071 2706; x_wconf 88' lang='lat' dir='ltr'><strong>versu</strong></span> <span class='ocrx_word' id='word_1_117' title='bbox 1092 2643 1142 2708; x_wconf 84' lang='lat' dir='ltr'><strong>in-</strong></span> 
     </span>
     <span class='ocr_line' id='line_1_23' title="bbox 96 2719 1141 2810; baseline 0.013 -30"><span class='ocrx_word' id='word_1_118' title='bbox 96 2719 260 2804; x_wconf 83' lang='lat' dir='ltr'><strong>eleganter</strong></span> <span class='ocrx_word' id='word_1_119' title='bbox 280 2727 442 2810; x_wconf 81' lang='lat' dir='ltr'><strong>repetita,</strong></span> <span class='ocrx_word' id='word_1_120' title='bbox 473 2723 677 2791; x_wconf 87' lang='lat' dir='ltr'><strong>Schuettium</strong></span> <span class='ocrx_word' id='word_1_121' title='bbox 707 2725 828 2791; x_wconf 87' lang='lat' dir='ltr'><strong>docere</strong></span> <span class='ocrx_word' id='word_1_122' title='bbox 850 2725 1000 2804; x_wconf 81' lang='lat' dir='ltr'><strong>debebat.</strong></span> <span class='ocrx_word' id='word_1_123' title='bbox 1043 2727 1141 2794; x_wconf 88' lang='lat' dir='ltr'><strong>Exci-</strong></span> 
     </span>
     <span class='ocr_line' id='line_1_24' title="bbox 96 2804 1140 2888; baseline 0.013 -23"><span class='ocrx_word' id='word_1_124' title='bbox 96 2804 178 2874; x_wconf 85' lang='lat' dir='ltr'><strong>disse</strong></span> <span class='ocrx_word' id='word_1_125' title='bbox 198 2821 313 2878; x_wconf 88' lang='lat' dir='ltr'><strong>autem</strong></span> <span class='ocrx_word' id='word_1_126' title='bbox 336 2812 369 2876; x_wconf 96' lang='lat' dir='ltr'><strong>in</strong></span> <span class='ocrx_word' id='word_1_127' title='bbox 385 2811 485 2877; x_wconf 88' lang='lat' dir='ltr'><strong>Festo</strong></span> <span class='ocrx_word' id='word_1_128' title='bbox 508 2820 589 2876; x_wconf 84' lang='lat' dir='ltr'><strong>ante</strong></span> <span class='ocrx_word' id='word_1_129' title='bbox 605 2809 696 2876; x_wconf 90' lang='lat' dir='ltr'><strong>hunc</strong></span> <span class='ocrx_word' id='word_1_130' title='bbox 716 2831 848 2876; x_wconf 87' lang='lat' dir='ltr'><strong>versum</strong></span> <span class='ocrx_word' id='word_1_131' title='bbox 869 2809 979 2888; x_wconf 86' lang='lat' dir='ltr'><strong>illum,</strong></span> <span class='ocrx_word' id='word_1_132' title='bbox 999 2812 1140 2880; x_wconf 87' lang='lat' dir='ltr'><strong>aPaulo</strong></span> 
     </span>
     <span class='ocr_line' id='line_1_25' title="bbox 94 2895 1142 2981; baseline 0.007 -24"><span class='ocrx_word' id='word_1_133' title='bbox 94 2908 281 2973; x_wconf 81' lang='lat' dir='ltr'><strong>servatum,</strong></span> <span class='ocrx_word' id='word_1_134' title='bbox 310 2895 490 2963; x_wconf 84' lang='lat' dir='ltr'><strong>Muellerus</strong></span> <span class='ocrx_word' id='word_1_135' title='bbox 511 2898 705 2972; x_wconf 83' lang='lat' dir='ltr'><strong>arbitratur,</strong></span> <span class='ocrx_word' id='word_1_136' title='bbox 737 2916 803 2981; x_wconf 85' lang='lat' dir='ltr'><strong>qua</strong></span> <span class='ocrx_word' id='word_1_137' title='bbox 819 2896 853 2960; x_wconf 93' lang='lat' dir='ltr'><strong>in</strong></span> <span class='ocrx_word' id='word_1_138' title='bbox 874 2915 912 2960; x_wconf 83' lang='lat' dir='ltr'><strong>re</strong></span> <span class='ocrx_word' id='word_1_139' title='bbox 933 2895 1059 2963; x_wconf 85' lang='lat' dir='ltr'><strong>fallitur</strong></span> <span class='ocrx_word' id='word_1_140' title='bbox 1079 2898 1142 2964; x_wconf 90' lang='lat' dir='ltr'><strong>Vir</strong></span> 
     </span>
     <span class='ocr_line' id='line_1_26' title="bbox 94 2974 1139 3067; baseline 0.005 -23"><span class='ocrx_word' id='word_1_141' title='bbox 94 2974 313 3049; x_wconf 84' lang='lat' dir='ltr'><strong>Clarissimus.</strong></span> <span class='ocrx_word' id='word_1_142' title='bbox 358 2981 418 3048; x_wconf 88' lang='lat' dir='ltr'><strong>Sin</strong></span> <span class='ocrx_word' id='word_1_143' title='bbox 439 2983 526 3048; x_wconf 89' lang='lat' dir='ltr'><strong>enim</strong></span> <span class='ocrx_word' id='word_1_144' title='bbox 547 3002 665 3047; x_wconf 85' lang='lat' dir='ltr'><strong>versus</strong></span> <span class='ocrx_word' id='word_1_145' title='bbox 684 2982 748 3046; x_wconf 88' lang='lat' dir='ltr'><strong>iste</strong></span> <span class='ocrx_word' id='word_1_146' title='bbox 769 2980 902 3059; x_wconf 84' lang='lat' dir='ltr'><strong>excidit,</strong></span> <span class='ocrx_word' id='word_1_147' title='bbox 924 3003 990 3046; x_wconf 87' lang='lat' dir='ltr'><strong>non</strong></span> <span class='ocrx_word' id='word_1_148' title='bbox 1015 2981 1139 3067; x_wconf 85' lang='lat' dir='ltr'><strong>dubito,</strong></span> 
     </span>
     <span class='ocr_line' id='line_1_27' title="bbox 94 3065 1139 3156; baseline 0.011 -30"><span class='ocrx_word' id='word_1_149' title='bbox 94 3066 164 3146; x_wconf 88' lang='lat' dir='ltr'><strong>quin</strong></span> <span class='ocrx_word' id='word_1_150' title='bbox 194 3076 281 3156; x_wconf 78' lang='lat' dir='ltr'><strong>post</strong></span> <span class='ocrx_word' id='word_1_151' title='bbox 308 3067 398 3133; x_wconf 90' lang='lat' dir='ltr'><strong>hunc</strong></span> <span class='ocrx_word' id='word_1_152' title='bbox 426 3087 559 3134; x_wconf 86' lang='lat' dir='ltr'><strong>versum</strong></span> <span class='ocrx_word' id='word_1_153' title='bbox 592 3067 759 3132; x_wconf 83' lang='lat' dir='ltr'><strong>exciderit.</strong></span> <span class='ocrx_word' id='word_1_154' title='bbox 814 3065 900 3131; x_wconf 89' lang='lat' dir='ltr'><strong>Nam</strong></span> <span class='ocrx_word' id='word_1_155' title='bbox 936 3068 1139 3150; x_wconf 79' lang='lat' dir='ltr'><strong>sagminibus</strong></span> 
     </span>
     <span class='ocr_line' id='line_1_28' title="bbox 92 3149 1137 3234; baseline 0.007 -22"><span class='ocrx_word' id='word_1_156' title='bbox 92 3165 165 3216; x_wconf 84' lang='lat' dir='ltr'><strong>usos</strong></span> <span class='ocrx_word' id='word_1_157' title='bbox 197 3175 281 3220; x_wconf 85' lang='lat' dir='ltr'><strong>esse</strong></span> <span class='ocrx_word' id='word_1_158' title='bbox 310 3152 480 3219; x_wconf 85' lang='lat' dir='ltr'><strong>Romanos</strong></span> <span class='ocrx_word' id='word_1_159' title='bbox 513 3152 592 3218; x_wconf 84' lang='lat' dir='ltr'><strong>dicit</strong></span> <span class='ocrx_word' id='word_1_160' title='bbox 619 3163 686 3218; x_wconf 90' lang='lat' dir='ltr'><strong>tum</strong></span> <span class='ocrx_word' id='word_1_161' title='bbox 716 3151 759 3217; x_wconf 86' lang='lat' dir='ltr'><strong>ad</strong></span> <span class='ocrx_word' id='word_1_162' title='bbox 792 3149 912 3217; x_wconf 84' lang='lat' dir='ltr'><strong>foedus</strong></span> <span class='ocrx_word' id='word_1_163' title='bbox 940 3151 1137 3234; x_wconf 84' lang='lat' dir='ltr'><strong>faciendum,</strong></span> 
     </span>
     <span class='ocr_line' id='line_1_29' title="bbox 93 3236 1138 3306; baseline 0.003 -5"><span class='ocrx_word' id='word_1_164' title='bbox 93 3241 151 3301; x_wconf 78' lang='lat' dir='ltr'><strong>ium</strong></span> <span class='ocrx_word' id='word_1_165' title='bbox 175 3243 219 3306; x_wconf 85' lang='lat' dir='ltr'><strong>ad</strong></span> <span class='ocrx_word' id='word_1_166' title='bbox 252 3236 377 3306; x_wconf 90' lang='lat' dir='ltr'><strong>bellum</strong></span> <span class='ocrx_word' id='word_1_167' title='bbox 412 3237 630 3304; x_wconf 81' lang='lat' dir='ltr'><strong>indicendum.</strong></span> <span class='ocrx_word' id='word_1_168' title='bbox 673 3237 768 3304; x_wconf 88' lang='lat' dir='ltr'><strong>Hunc</strong></span> <span class='ocrx_word' id='word_1_169' title='bbox 796 3249 908 3304; x_wconf 86' lang='lat' dir='ltr'><strong>autem</strong></span> <span class='ocrx_word' id='word_1_170' title='bbox 940 3257 1073 3304; x_wconf 83' lang='lat' dir='ltr'><strong>versum</strong></span> <span class='ocrx_word' id='word_1_171' title='bbox 1094 3241 1138 3304; x_wconf 88' lang='lat' dir='ltr'><strong>ad</strong></span> 
     </span>
     <span class='ocr_line' id='line_1_30' title="bbox 92 3315 1138 3409; baseline 0.005 -24"><span class='ocrx_word' id='word_1_172' title='bbox 92 3315 202 3392; x_wconf 82' lang='lat' dir='ltr'><strong>foedus</strong></span> <span class='ocrx_word' id='word_1_173' title='bbox 225 3325 417 3392; x_wconf 86' lang='lat' dir='ltr'><strong>faciendum</strong></span> <span class='ocrx_word' id='word_1_174' title='bbox 430 3328 462 3405; x_wconf 75' lang='grc'><strong>4)</strong></span> <span class='ocrx_word' id='word_1_175' title='bbox 484 3324 648 3409; x_wconf 86' lang='lat' dir='ltr'><strong>pertinere</strong></span> <span class='ocrx_word' id='word_1_176' title='bbox 664 3334 770 3408; x_wconf 88' lang='lat' dir='ltr'><strong>patet;</strong></span> <span class='ocrx_word' id='word_1_177' title='bbox 792 3324 865 3407; x_wconf 90' lang='lat' dir='ltr'><strong>quis</strong></span> <span class='ocrx_word' id='word_1_178' title='bbox 888 3323 1027 3389; x_wconf 86' lang='lat' dir='ltr'><strong>enimin</strong></span> <span class='ocrx_word' id='word_1_179' title='bbox 1049 3323 1138 3390; x_wconf 90' lang='lat' dir='ltr'><strong>bello</strong></span> 
     </span>
     <span class='ocr_line' id='line_1_31' title="bbox 92 3401 1137 3496; baseline 0.004 -26"><span class='ocrx_word' id='word_1_180' title='bbox 92 3401 263 3478; x_wconf 84' lang='lat' dir='ltr'><strong>indicendo</strong></span> <span class='ocrx_word' id='word_1_181' title='bbox 294 3410 391 3475; x_wconf 87' lang='lat' dir='ltr'><strong>locus</strong></span> <span class='ocrx_word' id='word_1_182' title='bbox 420 3420 473 3475; x_wconf 85' lang='lat' dir='ltr'><strong>est</strong></span> <span class='ocrx_word' id='word_1_183' title='bbox 502 3409 724 3496; x_wconf 74' lang='lat' dir='ltr'><strong>&#39;unijuranrloi</strong></span> <span class='ocrx_word' id='word_1_184' title='bbox 758 3409 852 3483; x_wconf 78' lang='lat' dir='ltr'><strong>Quae</strong></span> <span class='ocrx_word' id='word_1_185' title='bbox 883 3429 957 3474; x_wconf 88' lang='lat' dir='ltr'><strong>cum</strong></span> <span class='ocrx_word' id='word_1_186' title='bbox 985 3411 1033 3474; x_wconf 84' lang='lat' dir='ltr'><strong>ita</strong></span> <span class='ocrx_word' id='word_1_187' title='bbox 1060 3409 1137 3490; x_wconf 90' lang='lat' dir='ltr'><strong>sint,</strong></span> 
     </span>
     <span class='ocr_line' id='line_1_32' title="bbox 90 3431 1137 3580; baseline 0.005 -28"><span class='ocrx_word' id='word_1_188' title='bbox 90 3489 174 3564; x_wconf 89' lang='lat' dir='ltr'><strong>illum</strong></span> <span class='ocrx_word' id='word_1_189' title='bbox 195 3517 334 3564; x_wconf 85' lang='lat' dir='ltr'><strong>versum</strong></span> <span class='ocrx_word' id='word_1_190' title='bbox 356 3496 430 3561; x_wconf 85' lang='lat' dir='ltr'><strong>ideo</strong></span> <span class='ocrx_word' id='word_1_191' title='bbox 453 3431 591 3562; x_wconf 74' lang='lat' dir='ltr'><strong>alesta</strong></span> <span class='ocrx_word' id='word_1_192' title='bbox 613 3493 793 3578; x_wconf 77' lang='lat' dir='ltr'><strong>allegatum</strong></span> <span class='ocrx_word' id='word_1_193' title='bbox 812 3493 928 3575; x_wconf 82' lang='lat' dir='ltr'><strong>luisse,</strong></span> <span class='ocrx_word' id='word_1_194' title='bbox 949 3495 978 3558; x_wconf 89' lang='lat' dir='ltr'><strong>si</strong></span> <span class='ocrx_word' id='word_1_195' title='bbox 993 3513 1137 3580; x_wconf 84' lang='lat' dir='ltr'><strong>unquam</strong></span> 
     </span>
     <span class='ocr_line' id='line_1_33' title="bbox 90 3575 1136 3669; baseline 0.007 -29"><span class='ocrx_word' id='word_1_196' title='bbox 90 3575 165 3661; x_wconf 86' lang='lat' dir='ltr'><strong>luit,</strong></span> <span class='ocrx_word' id='word_1_197' title='bbox 194 3595 300 3669; x_wconf 70' lang='lat' dir='ltr'><strong>putu,</strong></span> <span class='ocrx_word' id='word_1_198' title='bbox 334 3591 370 3649; x_wconf 87' lang='lat' dir='ltr'><strong>ut</strong></span> <span class='ocrx_word' id='word_1_199' title='bbox 397 3581 536 3646; x_wconf 86' lang='lat' dir='ltr'><strong>alterum</strong></span> <span class='ocrx_word' id='word_1_200' title='bbox 563 3582 746 3666; x_wconf 77' lang='lat' dir='ltr'><strong>sagminum</strong></span> <span class='ocrx_word' id='word_1_201' title='bbox 780 3581 813 3645; x_wconf 92' lang='lat' dir='ltr'><strong>in</strong></span> <span class='ocrx_word' id='word_1_202' title='bbox 844 3576 932 3644; x_wconf 84' lang='lat' dir='ltr'><strong>bello</strong></span> <span class='ocrx_word' id='word_1_203' title='bbox 961 3579 1136 3648; x_wconf 85' lang='lat' dir='ltr'><strong>indicendo</strong></span> 
     </span>
     <span class='ocr_line' id='line_1_34' title="bbox 89 3664 1135 3757; baseline 0.007 -28"><span class='ocrx_word' id='word_1_204' title='bbox 89 3679 177 3732; x_wconf 88' lang='lat' dir='ltr'><strong>usum</strong></span> <span class='ocrx_word' id='word_1_205' title='bbox 208 3667 365 3754; x_wconf 82' lang='lat' dir='ltr'><strong>exemplo</strong></span> <span class='ocrx_word' id='word_1_206' title='bbox 397 3669 638 3752; x_wconf 81' lang='lat' dir='ltr'><strong>comprobaret.</strong></span> <span class='ocrx_word' id='word_1_207' title='bbox 683 3665 838 3734; x_wconf 82' lang='lat' dir='ltr'><strong>Ceterum</strong></span> <span class='ocrx_word' id='word_1_208' title='bbox 856 3665 952 3730; x_wconf 77' lang='lat' dir='ltr'><strong>Joair</strong></span> <span class='ocrx_word' id='word_1_209' title='bbox 978 3686 1002 3735; x_wconf 83' lang='lat' dir='ltr'><strong>a</strong></span> <span class='ocrx_word' id='word_1_210' title='bbox 1020 3664 1135 3757; x_wconf 75' lang='lat' dir='ltr'><strong>jusju-</strong></span> 
     </span>
     <span class='ocr_line' id='line_1_35' title="bbox 88 3749 1043 3842; baseline -0.008 -21"><span class='ocrx_word' id='word_1_211' title='bbox 88 3755 225 3822; x_wconf 76' lang='lat' dir='ltr'><strong>randum</strong></span> <span class='ocrx_word' id='word_1_212' title='bbox 250 3753 393 3842; x_wconf 75' lang='lat' dir='ltr'><strong>pandet:</strong></span> <span class='ocrx_word' id='word_1_213' title='bbox 414 3753 524 3838; x_wconf 67' lang='grc' dir='ltr'><em>Ζηνός</em></span> <span class='ocrx_word' id='word_1_214' title='bbox 544 3752 586 3840; x_wconf 77' lang='grc' dir='ltr'><strong>γέ</strong></span> <span class='ocrx_word' id='word_1_215' title='bbox 608 3773 661 3820; x_wconf 79' lang='grc' dir='ltr'><strong>τοι</strong></span> <span class='ocrx_word' id='word_1_216' title='bbox 682 3753 791 3835; x_wconf 78' lang='grc' dir='ltr'><strong><em>ὅρκια</em></strong></span> <span class='ocrx_word' id='word_1_217' title='bbox 811 3749 930 3818; x_wconf 77' lang='grc' dir='ltr'><em>πιστὰ.</em></span> <span class='ocrx_word' id='word_1_218' title='bbox 1039 3807 1043 3814; x_wconf 92' lang='grc'>.</span> 
     </span>
    </p>
   </div>
   <div class='ocr_carea' id='block_1_12' title="bbox 88 3933 297 3953">
    <p class='ocr_par' dir='ltr' id='par_1_12' title="bbox 88 3933 297 3953">
     <span class='ocr_line' id='line_1_36' title="bbox 88 3933 297 3953; baseline 0 -5"><span class='ocrx_word' id='word_1_219' title='bbox 88 3933 297 3953; x_wconf 49' lang='grc' dir='ltr'><strong>ψ</strong></span> 
     </span>
    </p>
   </div>
   <div class='ocr_carea' id='block_1_13' title="bbox 86 4045 1132 4216">
    <p class='ocr_par' dir='ltr' id='par_1_13' title="bbox 86 4045 1132 4216">
     <span class='ocr_line' id='line_1_37' title="bbox 148 4045 1132 4126; baseline -0.001 -21"><span class='ocrx_word' id='word_1_220' title='bbox 148 4051 184 4122; x_wconf 73' lang='grc' dir='ltr'><strong>1)ι</strong></span> <span class='ocrx_word' id='word_1_221' title='bbox 198 4049 307 4123; x_wconf 61' lang='lat' dir='ltr'><strong>Putat.</strong></span> <span class='ocrx_word' id='word_1_222' title='bbox 326 4049 346 4104; x_wconf 86' lang='lat' dir='ltr'><strong>l.</strong></span> <span class='ocrx_word' id='word_1_223' title='bbox 366 4049 416 4119; x_wconf 75' lang='lat'><strong>583</strong></span> <span class='ocrx_word' id='word_1_224' title='bbox 441 4049 550 4106; x_wconf 72' lang='lat' dir='ltr'><strong>Zoraa.</strong></span> <span class='ocrx_word' id='word_1_225' title='bbox 575 4049 646 4106; x_wconf 83' lang='lat' dir='ltr'><strong>Vlll.</strong></span> <span class='ocrx_word' id='word_1_226' title='bbox 673 4049 713 4105; x_wconf 86' lang='grc'><strong>16.</strong></span> <span class='ocrx_word' id='word_1_227' title='bbox 766 4045 796 4116; x_wconf 72' lang='grc'><strong>1)</strong></span> <span class='ocrx_word' id='word_1_228' title='bbox 812 4064 835 4102; x_wconf 79' lang='lat' dir='ltr'><strong>a.</strong></span> <span class='ocrx_word' id='word_1_229' title='bbox 853 4063 880 4102; x_wconf 84' lang='lat' dir='ltr'><strong>u.</strong></span> <span class='ocrx_word' id='word_1_230' title='bbox 906 4051 1040 4122; x_wconf 63' lang='lat' dir='ltr'><strong>scamina</strong></span> <span class='ocrx_word' id='word_1_231' title='bbox 1061 4065 1132 4126; x_wconf 71' lang='lat' dir='ltr'><strong>paq.</strong></span> 
     </span>
     <span class='ocr_line' id='line_1_38' title="bbox 86 4131 957 4216; baseline -0.002 -28"><span class='ocrx_word' id='word_1_232' title='bbox 86 4132 128 4189; x_wconf 79' lang='lat'><strong>3¹21</strong></span> <span class='ocrx_word' id='word_1_233' title='bbox 147 4136 256 4214; x_wconf 69' lang='lat' dir='ltr'><strong>Maell.</strong></span> <span class='ocrx_word' id='word_1_234' title='bbox 312 4137 340 4206; x_wconf 83' lang='grc'><strong>3)</strong></span> <span class='ocrx_word' id='word_1_235' title='bbox 357 4136 468 4212; x_wconf 54' lang='lat' dir='ltr'><strong>fragm.</strong></span> <span class='ocrx_word' id='word_1_236' title='bbox 486 4134 520 4216; x_wconf 87' lang='lat' dir='ltr'><strong>ll.</strong></span> <span class='ocrx_word' id='word_1_237' title='bbox 540 4135 580 4191; x_wconf 81' lang='grc'><strong>14.</strong></span> <span class='ocrx_word' id='word_1_238' title='bbox 635 4135 664 4203; x_wconf 76' lang='grc' dir='ltr'><strong>Δ)</strong></span> <span class='ocrx_word' id='word_1_239' title='bbox 684 4131 785 4206; x_wconf 66' lang='lat' dir='ltr'><strong>Polyb.</strong></span> <span class='ocrx_word' id='word_1_240' title='bbox 810 4133 830 4189; x_wconf 86' lang='lat' dir='ltr'><strong>l·</strong></span> <span class='ocrx_word' id='word_1_241' title='bbox 847 4134 957 4206; x_wconf 59' lang='lat' dir='ltr'><strong>(itaqu.</strong></span> 
     </span>
    </p>
   </div>
   <div class='ocr_carea' id='block_1_14' title="bbox 0 0 1392 4892">
    <p class='ocr_par' dir='ltr' id='par_1_14' title="bbox 0 0 1392 4892">
     <span class='ocr_line' id='line_1_39' title="bbox 0 0 1392 4892; baseline 0 9"><span class='ocrx_word' id='word_1_242' title='bbox 0 0 1392 4892; x_wconf 95' lang='lat' dir='ltr'><strong> </strong></span> 
     </span>
    </p>
   </div>
  </div>
 </body>
</html>
