2776 4892
622 327 902 406 -ssi-

243 531 378 592 omnen
404 507 652 598 policastrum.
676 527 793 577 omnes
819 509 1075 593 praeter-princ.
1098 521 1132 576 et
1151 511 1294 579 Roman,

245 623 343 689 quam
365 609 527 664 vetustam
550 596 628 660 dicit
649 593 791 680 Speng.;
822 594 961 661 laletm
983 598 1082 662 omitt
1108 597 1238 674 chn.;
1261 609 1294 664 et

246 693 340 756 deest
371 687 404 751 in
430 683 533 750 Goth.
569 682 676 761 Haun.
711 682 814 746 Paris.
846 701 876 746 a.
908 680 1024 748 Venet.
1044 683 1066 746 l.
1088 693 1122 748 et
1142 685 1181 747 ll.
1217 683 1293 750 Ald.

243 772 345 844 Basil.
370 771 473 836 Paris.
508 765 650 856 Gryph.';
665 769 831 852 ¹epicroca
860 769 972 833 similis
1001 765 1099 835 Rhol.
1130 769 1248 838 Venet.
1265 771 1291 838 1.

244 872 278 928 et
295 861 338 926 Π.
358 856 432 923 alu.
450 855 552 920 Basil.
569 854 646 918 Par.
667 853 791 936 Grvph.
826 851 921 921 Alter
940 875 1058 922 versus
1079 856 1170 942 apud
1186 857 1293 944 Spen.

715 925 725 938 U

244 946 364 1034 gelium
386 955 419 1009 et
440 931 633 1006 Muellerum
654 940 701 1004 ita
723 939 861 1023 legitur:

350 1057 510 1119 diabathra
530 1058 561 1115 in
583 1056 713 1138 pedibus
735 1055 869 1116 habebat
890 1057 1019 1116 amictus
1043 1059 1187 1134 epicroco

231 1187 265 1236 -ο
278 1165 420 1242 codice,
451 1159 721 1247 quemadmodum
748 1159 891 1227 affirmat
911 1162 1128 1246 Spengelins‚
1157 1162 1293 1230 Floren-

243 1255 322 1320 tino.
367 1250 573 1334 Quamquam
602 1247 688 1312 false
717 1247 782 1311 hoc
810 1246 886 1312 loco
917 1251 1065 1314 codicem
1094 1251 1137 1315 ab
1168 1251 1294 1318 editore

243 1337 444 1422 exscriptum
462 1356 549 1415 esse,
559 1355 686 1400 mecum
702 1335 951 1399 communicavit
963 1334 1037 1400 Car.
1048 1335 1293 1403 Lachmannus.

329 1445 506 1534 Gonjunrrit
536 1456 708 1528 utrumque
735 1443 953 1528 fragmentum
980 1438 1051 1531 jam
1082 1445 1235 1530 Scaliger
1247 1453 1295 1528 1),

232 1534 300 1623 ,qui
324 1554 344 1600 a
367 1533 520 1617 Lycurgo
545 1551 585 1596 ea
610 1531 779 1614 depromta
809 1551 885 1596 esse
907 1533 1031 1616 primus
1053 1534 1207 1616 agnovit:
1236 1537 1294 1597 rni-

205 1641 215 1660 ·
242 1642 334 1698 rum,
369 1621 432 1697 ait,
462 1621 498 1682 ni
525 1639 566 1683 ex
591 1617 741 1704 lapcnrpo
766 1617 896 1682 Naevii.
944 1618 1118 1704 Conjungo
1143 1641 1217 1684 cnm
1238 1619 1295 1687 his

242 1708 395 1774 versibus
418 1726 511 1784 enm,
544 1705 599 1790 qui
628 1706 716 1789 apud
738 1703 877 1768 Nonium
906 1703 1073 1792 invenitur
1089 1705 1292 1772 simillimus:

239 1795 415 1880 patapinm
433 1796 463 1877 ⁹)
472 1840 484 1871 ,
518 1811 640 1856 oureus
661 1793 791 1868 clavus,
822 1793 878 1876 qai
897 1793 1054 1874 pretiosis
1075 1793 1215 1858 aestans
1235 1795 1293 1856 im·

242 1882 326 1946 milli
347 1881 451 1955 sole13
473 1879 599 1943 cellula
614 1882 645 1958 8)
669 1885 701 1944 et
723 1881 904 1954 crocotula,
928 1886 1098 1962 tetramque
1118 1899 1141 1944 a
1161 1882 1292 1962 pencri-

241 1966 302 2032 bus
328 1965 448 2052 florum
480 1967 692 2044 translatum,
721 1985 744 2029 a
767 1966 858 2029 catto
885 1971 917 2028 et
937 1985 961 2028 a
984 1983 1093 2028 croco.
1143 1963 1295 2030 Naevius

242 2051 416 2140 lqcurpo:

233 2203 238 2232 ι
278 2207 284 2230 .-
342 2170 451 2244 pillis,
471 2169 629 2250 pelagiis,
651 2166 987 2244 coerrantium,
1007 2164 1215 2226 mortadlidus

240 2271 351 2357 priore
381 2269 457 2336 loco
491 2276 635 2338 crocotis
657 2275 730 2338 edit.
757 2271 982 2350 Parm.1480;
1012 2271 1140 2336 melicis
1162 2271 1291 2350 eadem,

241 2357 314 2423 cod.
343 2355 449 2422 Guelf.
481 2358 604 2434 Mercr
634 2361 770 2423 manicis
791 2358 867 2424 Ald.
892 2355 1089 2422 Hadalnn.
1125 2355 1218 2421 Both.
1237 2359 1292 2444 4);

129 2481 131 2486 -
240 2444 390 2504 mulaciis
411 2443 603 2506 mortalibus
623 2463 739 2528 margo
757 2442 850 2522 June
872 2444 1007 2509 codices
1027 2451 1111 2506 teste
1122 2441 1240 2504 Botlrio
1255 2447 1293 2522 ⁶)

239 2528 385 2593 metaliis
397 2529 429 2610 ⁶)
446 2537 502 2591 ant
511 2531 681 2606 malaciis‚·
700 2531 835 2614 pelopis
844 2530 1021 2596 etmolacis
1030 2525 1117 2594 Gerl.
1131 2538 1163 2591 et
1177 2525 1298 2607 Rotha

240 2613 345 2679 altero
369 2613 444 2678 loco
465 2618 612 2702 patcpiis
633 2629 665 2680 et
687 2618 840 2681 molaliis.
888 2615 1017 2698 Quibus
1037 2613 1188 2682 versibus
1211 2633 1297 2681 con·

240 2699 407 2786 glutinatis
427 2700 546 2767 Naevii
569 2701 666 2768 locus
687 2702 743 2768 hic
764 2712 834 2768 est:

282 2855 293 2873 .
316 2853 325 2872 .
348 2857 358 2877 .
380 2817 440 2874 risi
459 2819 581 2894 egomet
600 2837 730 2892 mecam,
754 2817 986 2881 crissadundum
1006 2819 1055 2878 ire
1076 2817 1216 2888 dhrinmr

274 2900 447 2964 ‘datatim
469 2906 502 2964 in
521 2905 654 2979 pedidus
676 2903 820 2972 habebnt,
843 2911 875 2963 et
895 2907 966 2958 irat
988 2903 1121 2960 amictus
1136 2903 1295 2978 epicroca,

279 2988 386 3062 pillis,
405 2991 555 3061 pelagiis,
579 2987 724 3055 crocotis,
747 2983 901 3057 malacia,
924 2985 1147 3045 morluoilibns.¹

323 3091 359 3154 ln
383 3089 588 3172 explicandis
619 3087 673 3151 his
704 3086 856 3152 versibus
886 3090 1102 3155 diversissimi
1125 3100 1202 3156 sunt
1225 3091 1293 3159 Bo·

237 3173 327 3241 thius
349 3185 381 3238 et
401 3175 615 3237 Duentzerus.
659 3169 718 3236 llla
739 3173 829 3237 enim·
847 3173 965 3256 pallis,
988 3177 1146 3259 pelagiis,
1173 3199 1293 3245 croco·

238 3262 282 3327 tis
304 3272 337 3327 et
358 3258 506 3324 malaciis
535 3268 690 3342 tanquam
719 3258 934 3328 mortualibns
968 3273 1105 3328 stratum
1137 3282 1293 3348 campum

230 3343 343 3430 *fuisse
364 3345 494 3427 statuit,
527 3345 847 3428 quaevestimenta,
880 3368 901 3411 a
923 3346 1123 3430 fugientibus
1144 3347 1293 3416 Bacchis

233 3433 372 3515 relicta,
394 3430 569 3498 mortualia
590 3431 757 3516 dicantur,
780 3433 866 3517 qued
889 3432 1044 3500 Bacchae
1064 3437 1160 3500 morti
1181 3457 1203 3500 a
1227 3435 1292 3524 Ly-

234 3541 342 3606 curgo
373 3520 559 3585 destinatae
586 3517 661 3583 sint.
716 3517 866 3604 Se'ungit
895 3520 981 3585 enim
1019 3537 1152 3587 versum
1182 3533 1290 3598 extre-

235 3627 325 3678 mum
345 3605 563 3693 aptioribus.
606 3601 713 3673 Plane
778 3603 809 3672 'a
836 3611 889 3672 est
909 3603 1086 3672 Duentzeri
1101 3611 1134 3688 ⁷)
1156 3620 1292 3676 senten-

237 3761 448 3780 *
562 3759 564 3768 ¹

303 3875 332 3947 1)
355 3873 397 3931 ad
417 3873 537 3932 Varron.
553 3875 581 3931 li.
603 3873 623 3931 l.
645 3891 719 3950 pap.
733 3873 786 3931 208
810 3873 854 3930 ed.
872 3875 941 3950 Blp.
992 3877 1022 3946 2)
1040 3895 1061 3931 s.
1080 3894 1106 3932 o.
1128 3882 1295 3954 peraptum
1319 3913 1322 3918 ·

229 3977 301 4037 pap.
317 3960 370 4016 540
385 3957 428 4014 Μ.
447 3961 499 4016 370
516 3961 549 4017 G.
599 3961 627 4031 3)
646 3979 668 4014 s.
686 3977 728 4014 vo.
747 3959 888 4015 caltulum
906 3969 934 4016 et
952 3961 1131 4018 cruentatam
1144 3981 1217 4038 pap.
1233 3967 1295 4022 548

233 4043 276 4100 M
294 4045 346 4100 376
363 4041 397 4098 G.
449 4046 481 4116 4)
505 4049 536 4100 ln
552 4044 629 4100 Mus.
645 4043 739 4100 Rdcn.
755 4044 790 4098 V.
811 4060 882 4117 pap.
897 4046 958 4101 271.
1010 4047 1140 4114 5)t.1.‚·
1162 4051 1207 4106 nil
1231 4051 1296 4105 atl—

231 4137 314 4186 πυτατ
337 4127 514 4208 Gerlacltius.
566 4130 595 4199 6)
613 4137 692 4186 recle
708 4129 914 4186 mulcetis:
936 4130 1064 4190 Welclter
1080 4134 1121 4188 ad
1140 4135 1292 4193 Philostr-

231 4213 291 4281 ΒΧ.
308 4223 384 4282 oot.;
402 4215 505 4274 nausa
519 4220 592 4271 certi.
627 4215 729 4274 Plaut.
744 4215 768 4274 1.
784 4216 826 4274 1³.
848 4231 925 4288 pap,
940 4213 1007 4279 1135
1037 4213 1181 4274 Wetcdcrt
1201 4227 1291 4292 poet.

230 4301 297 4361 Bai.
314 4301 397 4374 reliq.
416 4313 490 4378 paq.
508 4301 568 4358 tte.
620 4300 651 4369 7)
668 4300 690 4358 l.
705 4299 724 4359 l.
735 4315 810 4374 paq.
825 4299 887 4356 tte.
