2802 4908
411 319 794 428 ”ecoe-u

310 571 368 638 De
392 567 518 642 metris
541 573 578 638 et
602 570 648 638 cte
672 589 835 638 sermm
860 567 1001 644 Naevii.

216 729 392 814 Tempora,
414 731 448 796 in
470 751 555 818 quae
575 730 693 796 Naevii
715 731 784 797 vita
804 730 935 810 incidit,
957 733 1045 798 utin
1068 729 1176 799 fronte

128 815 231 902 hujus
259 813 360 882 libellr
388 818 599 904 exposuimus
607 863 619 896 ,
652 817 849 902 gravissima
879 817 1080 904 reipublicae
1108 819 1176 885 Roz.

127 921 249 982 menae
269 901 409 970 fuerunt.
453 903 534 970 Nam
557 921 642 990 quae
663 909 740 968 sunt
760 904 929 986 insecuta,
957 907 1098 972 maxima
1118 905 1176 980 illa

128 987 207 1062 labe
227 986 435 1072 laborabant
458 991 545 1076 quod
567 989 684 1076 videri,
705 1001 866 1062 nonense
885 987 1047 1057 volebant.
1081 993 1177 1066 Haec

128 1087 241 1146 autem
263 1096 329 1142 non
351 1075 458 1150 solum
480 1075 521 1141 de
549 1077 649 1140 rebus
678 1074 819 1159 publicis
841 1086 873 1140 et
895 1077 936 1140 ‹le
957 1080 1025 1142 vita
1048 1077 1178 1162 privata
1258 1097 1260 1102 ·

129 1162 221 1226 dicta
243 1171 352 1242 sunto,
374 1163 434 1229 sed
456 1163 553 1232 etiam
576 1161 618 1227 de
640 1181 801 1243 sermone,
825 1163 880 1248 qui
900 1161 1176 1244 luculentissimus

127 1247 252 1332 ingenii
281 1257 403 1332 praeto
427 1259 486 1320 est.
528 1247 611 1320 Post
631 1247 755 1314 finitum
777 1249 863 1312 euim
885 1248 1005 1325 bellum
1021 1250 1176 1314 Punicum

127 1335 333 1414 secundum,
371 1341 465 1437 nujus
502 1335 624 1404 exitum
655 1335 737 1420 ipsis
766 1333 924 1400 Romanis
955 1337 1176 1425 perniciosum

126 1419 203 1488 fore
225 1419 264 1494 Q.
288 1419 453 1486 Caecilius
474 1419 629 1502 Metellus
650 1421 848 1487 vaticinatus
870 1430 941 1486 erat
958 1423 1006 1508 ι),Ι
1025 1423 1175 1499 omnibus

127 1508 164 1577 in
197 1509 295 1570 rebus
327 1506 491 1594 elegantia
526 1505 669 1592 qu‘adam
706 1517 739 1576 et
774 1507 929 1591 speciosa
957 1508 1177 1597 ostentatione}

126 1592 182 1666 usi
210 1602 286 1657 sunt
307 1593 467 1672 Romani,
497 1612 582 1684 quac
613 1591 774 1658 Graeciae
794 1594 947 1678 propria,
976 1616 997 1658 a
1017 1593 1176 1660 Romanis

128 1677 241 1744 aliena
264 1677 344 1744 erat'.
398 1677 444 1742 Ut
466 1699 546 1744 vero
576 1691 650 1743 ante
679 1676 777 1766 hujus
807 1679 885 1744 belli
911 1677 1009 1748 linem
1032 1681 1177 1746 decessit

126 1763 296 1844 NaeviuS,
326 1765 373 1829 ita
409 1765 505 1836 etiam
534 1765 576 1829 ab
606 1765 677 1834 inse
702 1765 844 1836 nentium
875 1767 1175 1850 temporumvitiis

127 1871 256 1916 vacuus
286 1859 319 1914 et
339 1851 548 1922 intaminatus
579 1861 639 1914 est,
680 1789 729 1919 (ht
756 1852 867 1916 brevis
897 1853 977 1928 sim,
1005 1853 1175 1922 Romanus

127 1942 246 2020 poi-ta,
278 1935 421 2001 Romani
452 1935 574 2020 ingenii
601 1955 725 2020 praeco
748 1946 810 2008 est.
851 1935 936 2001 Nam
958 1946 993 2001 ut
1022 1939 1120 2003 rudes
1142 1947 1175 2004 et

126 2021 350 2106 inelegantes‚
387 2042 508 2107 graves
540 2032 649 2086 tamen
682 2033 715 2087 et
745 2019 912 2106 simplices
940 2023 982 2100 ii,
1018 2024 1072 2112 qul
1102 2014 1176 2114 ejusn

126 2107 288 2194 aequales
310 2119 397 2187 sunt,
419 2107 561 2180 Romani
585 2117 689 2188 erant,
712 2109 758 2174 ita
781 2110 877 2175 etiam
898 2115 998 2196 potita
1021 2111 1176 2195 antiquus'

127 2205 163 2268 et
184 2214 296 2278 asper,
328 2192 424 2259 fortis
445 2205 554 2263 tamen
578 2203 610 2258 et
631 2193 814 2259 luminosus
836 2207 895 2259 est.
941 2195 1067 2260 Romae
1089 2197 1176 2266 enim

125 2291 224 2352 natus
247 2281 432 2354 Romanum
459 2280 624 2362 ingenium
655 2301 722 2345 non
750 2280 917 2359 induerat,
947 2281 1006 2344 seri
1030 2283 1176 2364 innatum

125 2365 281 2438 habebat.
326 2365 375 2440 De
397 2364 537 2451 simplici
559 2377 668 2430 autem
688 2365 806 2434 horum
822 2377 1004 2451 temporum
1021 2387 1176 2442 sermone

125 2464 160 2526 ot
185 2451 456 2537 pronuncietmne
476 2451 691 2518 honorificum
714 2463 822 2518 exstat
845 2453 1015 2518 Ciceronis
1030 2457 1061 2537 2)
1083 2449 1178 2528 testi-¹

125 2541 293 2620 monium,
333 2559 416 2624 quo,
448 2549 602 2640 tanquam
636 2537 926 2610 luculentissimum
957 2541 1029 2626 ejus
1056 2541 1175 2606 aetatis

124 2636 316 2710 auctorem,
339 2624 498 2696 Naevium
520 2623 677 2712 imprimis
700 2623 812 2695 effert:
843 2626 1006 2712 equidem,
1030 2625 1174 2696 Crassus
1280 2681 1281 2686 ,

125 2712 243 2796 inquit,
271 2731 340 2775 cnm
364 2731 492 2776 somam
513 2730 615 2774 meam
637 2709 786 2775 Laelium
817 2713 971 2800 (jactans
997 2715 1080 2776 enim
1108 2731 1174 2776 mrt-

127 2800 228 2868 tieres
249 2799 477 2882 incorruptam
498 2797 721 2883 antiquitatem
743 2807 958 2884 consumant,
983 2800 1074 2884 prend
1095 2801 1175 2864 mnat-

125 2893 235 2952 tnrnm
256 2887 415 2949 sermonis
436 2887 587 2968 expertes
608 2903 648 2948 ea
672 2891 779 2950 tenent
800 2905 938 2970 semper,
960 2905 1044 2972 pune
1090 2889 1176 2950 rima

124 2972 332 3052 didicerunt)
364 2969 423 3036 seii
452 2991 522 3037 eam
545 2973 592 3037 stc
614 2971 737 3049 andin,
770 2979 807 3036 nt
831 2971 983 3041 Plantam
1012 2973 1087 3040 ntia
1117 2979 1178 3036 ant

129 3057 295 3132 Naeuium
309 3061 341 3136 ³)
372 3057 489 3126 uidear
517 3057 650 3122 andire:
663 3066 666 3072 '
679 3076 760 3124 sono
792 3058 866 3141 ipso
895 3061 984 3122 nocis
1014 3061 1064 3122 ita
1085 3066 1177 3124 reato

125 3153 160 3212 et
184 3145 324 3228 simplici
345 3151 403 3223 est,
426 3152 463 3210 nt
482 3143 573 3209 nihii
587 3145 813 3208 ostentationis
834 3152 892 3210 ant
907 3145 1099 3218 imitationis
1120 3147 1177 3240 af·-

122 3237 223 3318 serre
244 3233 414 3310 nictentur,
450 3251 492 3296 ex
522 3251 586 3318 qno
616 3233 664 3295 sic
697 3232 839 3296 loentum
860 3253 929 3298 esse
949 3233 1020 3320 ejus
1044 3238 1182 3317 patrem

115 3319 263 3409 jandins,
301 3319 349 3381 sic
370 3317 530 3404 majores,
558 3336 785 3402 mancepare,
813 3327 851 3384 nt
879 3321 956 3397 itte,
987 3339 1078 3405 qnam
1107 3319 1180 3384 dixi

126 3406 189 3490 (Q.
210 3402 362 3471 Valerius
384 3405 569 3487 Soranus),
597 3423 664 3468 non
701 3413 809 3476 nasta,
841 3424 908 3468 nnn
935 3408 1080 3482 rustice,
1111 3425 1179 3469 nnn

123 3491 246 3568 Murice,
270 3491 329 3556 sed
346 3511 462 3574 presse
485 3497 517 3556 et
539 3488 755 3576 eemtabititer·
776 3498 809 3554 et
830 3492 955 3556 leniter.
1000 3491 1097 3564 Quod
1119 3510 1176 3556 au·

124 3589 195 3646 tem
218 3578 259 3641 de
289 3576 468 3643 imitatione
490 3577 569 3640 dicit
576 3623 588 3655 ‚
620 3574 792 3641 Romanos
821 3577 898 3642 inde
926 3578 969 3642 ab
991 3577 1096 3642 Ennio
1127 3597 1177 3642 re·

126 3666 261 3750 spicere
281 3663 421 3742 videtur,
443 3683 540 3748 quem
561 3661 700 3746 primum
722 3661 765 3728 ad
788 3662 989 3730 Graecarum
1008 3660 1178 3729 literarum

126 3751 225 3835 leges
246 3747 398 3816 Latinum
419 3767 604 3816 sermonem
626 3767 808 3814 revocasse
828 3749 1043 3835 eundemque,
1067 3771 1178 3834 quam-

124 3839 183 3906 uis
204 3838 277 3920 ipse
298 3837 404 3920 magis
429 3856 527 3918 quam
546 3835 590 3913 ii,
620 3834 677 3918 qui
700 3835 773 3920 ejus
801 3836 943 3918 vestigio
974 3849 1188 3920 pressorum,

124 3924 314 3992 Romanum
336 3921 499 4006 ingenium
529 3930 686 3999 tueretur,
721 3940 763 3986 ea
791 3923 936 4014 ipsasde
959 3943 1084 4002 causa,
1115 3943 1179 3988 neo

124 4010 304 4089 immerito,
334 4008 505 4077 Romanos
529 4007 732 4075 Graecorum
760 4009 898 4074 uouune'
915 4007 1081 4077 salutasse
1102 4022 1179 4076 con·
1227 4019 1233 4029 ’

127 4169 340 4186 -ι-ηι-ψ

199 4258 230 4329 1)
264 4254 325 4312 Vol.
344 4254 427 4312 Maa-
445 4253 500 4312 vu.
516 4258 586 4342 m
647 4254 676 4322 2)
703 4255 740 4310 de
759 4253 842 4330 Orat.
862 4255 906 4312 ill
933 4261 1030 4315 1245.
1091 4265 1120 4329 s)
1138 4261 1178 4332 ef.

122 4357 201 4422 pam
216 4347 242 4399 7.
