2802 4908
546 327 594 380 -ε-
626 293 721 372 ·225
773 329 823 350 -··

152 469 347 558 miscuisse5
379 473 498 562 quihus
519 484 675 566 tanquam
706 469 867 559 exemplis
890 495 959 543 rem
980 495 1079 545 suern·
1096 483 1204 566 magis

151 561 252 626 etiam
267 559 472 628 illustraret
502 561 550 628 lte
566 561 791 630 Pantaleontis
802 563 1096 649 Pisarumtyranni
1113 585 1202 634 mem

152 647 198 712 tio
222 645 269 725 lit,
293 666 368 731 quo*
384 648 486 715 allato
501 667 577 714 rem
598 668 692 715 suem
706 647 877 715 ridiculam
900 654 1109 736 et'eomieam
1128 657 1202 719 red·-

150 733 234 798 dere
254 731 340 811 vult;
355 777 359 784 -
372 753 412 800 ea
432 736 518 800 euim
540 746 592 800 est
611 735 741 802 ridiculi
763 745 897 813 nutura,
919 747 956 800 ut
977 737 1101 823 aliquid
1123 762 1201 806 oon'·

150 830 204 884 tre
226 837 324 904 quem
339 819 416 905 jure
445 822 621 906 expectari·
636 833 765 907 poterat
790 815 1015 910 injiciatur1),
1034 826 1201 892 minimum

149 913 185 970 et
207 903 408 971 levissimum
428 908 584 994 quodque
597 929 672 974 cum
689 929 816 974 summo
839 919 872 974 et
891 909 1089 990 gravissimo
1111 927 1201 978 eone

149 1002 302 1076 paretur,
332 995 604 1077 quemadmodum
626 993 755 1061 Thraso
778 1015 852 1058 cum
875 993 1003 1079 Pyrrho
1024 1015 1114 1081 rege,
1135 998 1201 1064 Tc

151 1075 539 1145 stieulariusNeevienus
556 1101 630 1146 oum
652 1081 868 1148 Pantaleonte
890 1092 1030 1165 tyranno
1042 1084 1085 1168 ⁸).
1132 1085 1201 1149 Sed

75 1225 86 1249 ,
149 1183 218 1234 non
241 1165 418 1231 moderes
447 1178 530 1254 ants·
552 1185 591 1231 se
620 1165 727 1233 fectus
748 1167 895 1233 Naevius
916 1167 949 1230 in
979 1166 1102 1234 fabulis
1130 1172 1201 1236 suis
1257 1216 1260 1224 ·

149 1250 297 1333 respicit,
319 1269 433 1317 verum
454 1271 509 1318 res
530 1253 626 1318 etiam
648 1274 690 1320 es
710 1265 820 1320 aetate
842 1263 970 1337 gestas,
984 1275 1050 1340 que
1069 1253 1201 1324 fabulas

149 1337 423 1420 componebam).
446 1337 578 1404 Gaudet
590 1351 773 1424 praeterea,
789 1351 826 1405 ut
838 1339 957 1426 reliqui
979 1342 1110 1418 comici,
1125 1361 1199 1416 ver·

148 1421 268 1490 horum
288 1420 435 1502 lusibus,
464 1425 562 1511 idque
591 1445 657 1492 non
691 1427 789 1492 modo
810 1427 843 1491 in
877 1427 1120 1516 comoediist),
1141 1446 1199 1494 ve·

146 1525 222 1574 rum
249 1510 346 1574 etiem
369 1510 402 1575 in
432 1511 678 1598 tragoediis⁵)‚
699 1513 786 1580 unde
808 1531 892 1578 eave
914 1511 1107 1592 concludas,
1129 1515 1199 1580 lde·

146 1593 265 1660 sionen
287 1611 353 1659 non
382 1615 459 1662 esse
486 1597 699 1684 tragoediam,
742 1598 849 1664 Multa
869 1598 956 1663 enim
984 1598 1123 1666 ridicula
1144 1598 1199 1666 vel

147 1681 287 1747 conticis
316 1681 489 1746 similleio
511 1683 650 1749 Grneois
679 1703 808 1768 quoque
830 1684 1010 1768 tragoediis
1030 1687 1198 1751 inveniunt

146 1778 213 1846 tur,
234 1785 320 1850 quoe
341 1786 362 1831 e
383 1767 495 1836 choris
512 1767 722 1853 Dionysiacis
743 1770 864 1834 ineam
880 1772 1096 1850 merrsierunt3
1118 1773 1197 1836 mul·

146 1863 183 1918 to
205 1854 304 1917 etiarn
325 1851 421 1938 plura
441 1853 475 1920 in
495 1864 609 1920 vetere
622 1854 845 1920 Romanorum
863 1855 1035 1936 tragoedia
1054 1857 1198 1922 invenis·

146 1957 187 2004 se
201 1936 281 2002 mihi
293 1939 419 2005 videor.
440 1940 530 2006 Idem
542 1939 689 2006 sensisse
704 1940 831 2005 videtur
847 1938 973 2006 Gellius
984 1943 1028 2020 ⁶),
1044 1942 1110 2026 qui,
1122 1962 1198 2006 oum

145 2041 280 2088 versum
309 2022 401 2089 illum
423 2045 466 2088 ex
485 2025 636 2091 Hesiona
656 2026 827 2092 Naeviaun
859 2025 995 2107 citaret,
1025 2047 1068 2092 ne
1096 2028 1197 2092 comi·

146 2129 222 2175 caru
242 2109 332 2174 hene
352 2107 498 2188 fabulam
515 2109 618 2176 fuisse
633 2111 777 2176 lectores
791 2121 954 2196 putarent,
973 2111 1103 2176 disertis
1124 2133 1196 2177 ver·

147 2195 201 2262 bis
222 2194 367 2260 eddidit:
388 2197 424 2260 in
445 2197 620 2282 tropoedr‘o
643 2197 799 2263 Hesiona.
843 2197 911 2264 Sed
932 2197 1031 2261 redeo
1052 2199 1095 2263 ad
1110 2197 1196 2262 Nae·

144 2282 237 2346 mum
263 2283 434 2346 comicum.
491 2283 644 2352 Veterem
673 2282 856 2352 Atticorum
888 2283 1090 2348 comoediam
1121 2303 1198 2350 eum

143 2367 325 2446 imitatum,
347 2387 469 2433 novum
496 2380 606 2436 temen
635 2383 784 2436 secutum
813 2387 889 2435 esse
911 2369 987 2433 dixi.
1033 2369 1197 2443 Quodne

145 2451 236 2520 salso
258 2451 470 2536 intelligatur,
493 2474 600 2540 pauca
620 2449 758 2534 addam,
782 2458 899 2544 quihus
921 2454 1094 2520 eonsilium
1117 2461 1197 2540 poi·

145 2550 203 2604 tae
223 2536 410 2604 illustretur.
453 2539 559 2607 Multa
588 2561 629 2606 ex
656 2542 879 2628 Aristophane
889 2544 923 2626 i)
955 2552 988 2606 et
1016 2540 1195 2622 Cratiuo⁸)

145 2623 309 2692 Naevium
337 2625 514 2705 sumsisse,
546 2647 587 2692 ex
616 2629 700 2712 ipsis
726 2635 801 2714 ejus
831 2626 1023 2710 fragmentis
1045 2641 1195 2711 apparet.
1306 2695 1309 2702 ,

144 2711 194 2778 At
214 2709 345 2778 veteres
366 2711 443 2777 illos
465 2713 623 2794 comicos,
644 2724 680 2779 ut
700 2718 757 2802 qui
777 2730 845 2791 res,
868 2711 984 2798 quales
1005 2723 1072 2777 torn
1094 2713 1196 2778 Athe-

143 2799 200 2865 nis
220 2809 327 2877 erant‚
348 2809 383 2862 et
403 2799 652 2883 inergumento
674 2811 708 2865 et
728 2802 761 2866 in
782 2799 989 2884 expositione
1010 2799 1197 2892 lohulsrum

144 2903 281 2950 suarum
313 2897 547 2969 sequerentur,
585 2887 705 2952 imitari
742 2897 886 2964 tanturn,
918 2905 983 2949 non
1011 2887 1197 2968 exprimere

143 2969 308 3036 Naevium
332 2970 478 3054 potuisse
493 2970 573 3038 Sole
594 2971 717 3040 clarius
738 2983 799 3038 est.
828 2968 1013 3038 Ridiculum
1029 2972 1115 3036 enim
1129 2991 1196 3037 me·

143 3055 312 3123 mehercle
335 3067 368 3120 et
388 3058 542 3124 stolidum
569 3056 706 3140 luisset,
728 3057 990 3144 Aristophaneus
1010 3057 1142 3124 fabulas
1162 3059 1197 3123 in

143 3141 297 3208 Latinum
328 3162 512 3210 sermonem
545 3166 727 3212 conversas
755 3147 789 3210 in
820 3166 923 3211 scena
954 3145 1007 3209 edi
1036 3144 1196 3228 Romanu,

143 3230 388 3314 pe‘ctatoribus
396 3229 564 3297 Romanis.
594 3231 661 3298 Sed
675 3253 719 3300 ne
732 3231 780 3298 ito
796 3231 926 3320 quidem
942 3243 1085 3296 veterem
1095 3231 1197 3297 Grae-

144 3320 260 3382 cor‘um
293 3315 497 3384 comoediam
525 3315 685 3385 aemulari
709 3321 841 3404 potuit,
864 3328 899 3384 ut
920 3327 1113 3401 argumenta
1134 3337 1197 3383 sua

143 3423 165 3468 o
176 3401 277 3466 rebus
284 3423 345 3468 sua
359 3413 467 3468 estate
478 3405 582 3489 gestis
593 3416 738 3470 sumeret
744 3415 776 3469 et
783 3405 877 3488 ipsos
887 3403 989 3480 cives,
998 3421 1082 3487 quos
1095 3402 1195 3468 curil-

143 3487 281 3569 laretur,
301 3488 493 3556 nominatim
513 3490 547 3555 in
563 3509 666 3557 scena
686 3491 884 3575 produceret
904 3508 1081 3573 eorumque
1104 3487 1196 3556 hubi·

144 3587 216 3640 tum
237 3583 271 3639 et
291 3576 446 3659 proprios
465 3595 576 3642 mores
588 3611 590 3616 ·
604 3585 876 3661 repraesentaret
920 3573 1089 3640 Nefarium
1110 3576 1197 3642 enim

142 3659 321 3728 Romanae
342 3659 518 3746 superbiae
538 3661 724 3742 videbatur,
738 3659 902 3728 Consules
916 3671 1112 3747 ceterosque
1128 3683 1200 3726 ma-

144 3747 307 3832 gistratus
335 3757 368 3813 et
389 3745 518 3814 nobiles
545 3749 589 3816 uh
610 3746 824 3814 histrionibus
855 3745 990 3814 infamia
1019 3748 1141 3813 notatis
1162 3747 1197 3812 in

143 3852 251 3900 scena
266 3833 335 3919 agi.
367 3833 463 3910 Quae
484 3855 559 3903 cum
580 3834 627 3904 ita
648 3843 772 3919 esseut,
793 3835 841 3902 ita
855 3833 919 3902 sibi
940 3835 1029 3904 cavit
1038 3834 1196 3914 Naevius,

215 4107 247 4174 1)
268 4103 309 4176 cf.
331 4087 406 4162 eeu
430 4105 557 4181 opusne!-
583 4104 714 4164 Houttm
731 4105 751 4162 1.
778 4113 974 4183 pup21rqq.
1019 4089 1064 4178 ¹2)
1088 4105 1197 4181 frupm.

144 4197 225 4265 erup.
243 4197 268 4249 e.
321 4194 353 4264 e)
372 4192 410 4265 of.
434 4193 604 4253 memte
655 4196 687 4267 a)
706 4193 815 4269 Aptae.
831 4199 856 4254 e.
908 4197 938 4260 a)
955 4190 1072 4248 neiron.
1095 4200 1116 4249 ι.
1165 4189 1197 4261 e)

920 4372 962 4438 15
