2776 4892
443 337 720 413 -141-

99 523 189 606 nus1)
219 532 252 588 et
283 518 463 589 Muellerus
474 522 518 604 ²).
562 507 683 586 Aliter·
697 520 838 588 Bothius
850 522 903 608 ³),
929 521 985 610 qui
1013 515 1130 586 Naevii

99 609 241 674 Colacem
268 629 289 674 a
312 601 409 673 Nouii
431 603 545 672 fabula
567 602 763 691 cognomine
786 608 949 673 diversum
972 626 1048 673 esse
1064 615 1130 674 sta*

98 697 166 774 tuit,
187 696 232 758 lta
255 704 382 772 tamen,
410 705 445 758 ut
468 714 684 778 quaecunque
715 715 734 759 e
757 693 881 760 Colace
903 705 1035 758 servata
1056 686 1132 758 sunl

97 775 290 864 fragmenta,
320 781 427 846 Novio
449 781 587 858 tribuat,
610 778 769 844 Naevium
791 781 823 844 in
847 801 886 845 eo
919 781 1133 864 acquiescere

93 870 213 956 jubam,
237 867 325 952 quod
348 879 369 930 a
391 866 544 930 Terentio
568 864 694 930 citatur.
740 865 858 930 Mirum
875 867 1131 930 autemomnino
1172 912 1179 917 -
1230 879 1233 886 ’

97 965 150 1032 est,
172 953 257 1037 quod
279 951 449 1028 Munkius‚
472 953 622 1037 quamvis
643 950 709 1017 alio
733 950 810 1017 luco
823 958 855 1033 4)
881 972 954 1016 cum
975 952 1132 1016 Herman-

96 1063 133 1105 no
157 1037 311 1104 Colacem
334 1038 460 1102 Naevio
485 1037 639 1120 vindicet,
649 1035 856 1102 nihilominus
874 1036 938 1103 alio
951 1039 983 1120 ⁵)
1007 1057 1132 1121 omnes,

95 1134 380 1211 quae'supersunt‚
402 1123 557 1208 reliquias
578 1123 685 1188 Novio
708 1125 861 1189 attribuit.
897 1121 963 1188 Sed
982 1135 1060 1208 post
1074 1141 1131 1188 no·

93 1206 253 1277 vissimum
274 1205 438 1274 Prisciani
469 1222 501 1274 et
522 1207 620 1273 Nonii
651 1203 800 1274 codicum
824 1207 1046 1290 collationem,
1075 1231 1131 1275 ex·

92 1309 136 1362 tra
159 1298 289 1360 dubium
310 1297 453 1381 positum
477 1306 539 1372 est,
561 1295 679 1360 Naevii
701 1311 777 1360 esse
801 1290 974 1376 Colacem3
996 1318 1071 1362 uam
1099 1301 1132 1362 et

90 1383 245 1448 Prisciani
257 1385 309 1464 6)’,
342 1399 426 1467 quos
458 1383 587 1466 quidem
618 1379 755 1451 contulit
782 1381 957 1461 Krehlius,
1000 1383 1132 1448 codices

89 1466 262 1547 omnesl),
295 1476 328 1532 et
350 1466 485 1533 codices
515 1467 657 1532 Noniani
693 1462 800 1534 Guell.
836 1463 1133 1534 minuemus

87 1551 183 1622 Bern.
213 1547 352 1618 Nerium
382 1556 443 1636 (ita
466 1555 551 1618 enim
572 1565 648 1637 post
670 1549 839 1620 saeculum
870 1554 1029 1620 decimum
1051 1553 1132 1620 alte·

86 1660 153 1706 rum
178 1654 317 1705 exarare
338 1639 514 1724 solebant)
538 1639 713 1720 exhibent,
742 1662 808 1705 non
831 1633 989 1720 Novium;
1021 1662 1131 1726 quam·

87 1750 181 1813 quam
200 1726 361 1791 editiones
381 1723 512 1811 priscae
529 1725 725 1811 complures,
740 1727 892 1791 Meroerii
911 1729 1132 1814 conjecturam

85 1826 230 1895 secutae,
252 1811 394 1876 Nonium
416 1807 663 1889 substituerunt,
686 1811 748 1877 etsi
769 1815 801 1876 in
824 1806 876 1876 his
899 1813 1030 1891 tutelone,
1046 1825 1132 1878 teste
1156 1875 1158 1884 .

86 1896 290 1976 Hermanno,
313 1910 400 1977 sunt,
424 1917 508 1986 quae
531 1909 564 1961 et
584 1897 678 1982 ipsae
697 1891 858 1962 Naevium
880 1910 1067 1962 exalarunt

169 2011 333 2090 Incertum
354 2017 415 2089 est,
435 2017 542 2072 utrum
552 2005 730 2091 Plautus⁸)
752 2001 797 2071 ad
812 2025 906 2072 suam
922 2027 965 2072 an
987 2007 1031 2074 ad
1046 2007 1132 2090 Nae·

88 2097 133 2162 vii
158 2094 315 2162 Colacem
336 2093 520 2178 respexerit
531 2092 585 2177 ⁹)=
624 2151 626 2155 .
1175 2095 1186 2123 ’
1221 2091 1228 2104 ·

120 2212 181 2271 sed
196 2211 289 2270 facito
306 2209 378 2268 dum
393 2209 565 2268 memineris
581 2221 699 2279 vorsus,
719 2223 795 2282 quos
812 2210 917 2267 cantat
931 2207 1041 2266 Colax:
1064 2209 1132 2269 cibo

37 2331 39 2380 l
121 2317 197 2356 cum
214 2313 270 2354 suo
287 2292 400 2372 quique
416 2295 509 2352 facito
526 2294 571 2351 uti
585 2295 718 2368 veniant,
734 2295 822 2368 quasi
837 2297 908 2352 eant
919 2294 1055 2354 Sutrium
1066 2295 1132 2370 1⁰).

172 2403 322 2466 Korona
336 2399 539 2483 scripserunt
554 2407 587 2462 et
600 2395 737 2481 Eupolis
749 2405 761 2438 ¹
771 2401 802 2480 1)
819 2409 852 2463 et
864 2397 1047 2464 Menander
1058 2409 1069 2441 ¹
1079 2401 1131 2482 ¹);

37 2521 39 2558 i
76 2504 283 2572 quamquam
304 2483 429 2550 nullum
451 2494 602 2567 superest
617 2482 755 2548 alterius
776 2482 1015 2566 fragmentum,
1044 2487 1134 2572 quod

76 2593 118 2637 ex
142 2571 254 2638 altero
276 2571 438 2638 Naevium
466 2588 561 2636 suam
590 2570 798 2654 expressisse
826 2569 972 2637 fabulam
1001 2573 1132 2638 demon·

37 2715 38 2744 ¹
76 2671 192 2726 strare
210 2658 333 2744 possit.
601 2741 618 2804 1

149 2819 359 2928 'Priscianus
370 2867 442 2944 ¹³)=
455 2863 619 2946 porraceo,
626 2861 766 2945 polluci.
792 2853 981 2926 Naevianis
994 2860 1133 2930 Colace:

189 2967 210 3002 d

210 2988 266 3100 poi
286 3023 434 3082 decumas
453 3028 574 3095 partes,
597 3015 966 3100 accommodentur,
990 3053 992 3056 ·

188 3109 344 3255 fipolldxz't
363 3103 422 3166 tibi
443 3127 465 3166 u
483 3108 672 3183 publicando
692 3107 785 3184 epulo
805 3101 966 3170 Herculis.

212 3261 397 3325 Decumaisi

77 3362 236 3432 Naevius
257 3364 354 3432 codd.
378 3376 509 3443 omnes3
535 3361 615 3451 'quid
636 3378 721 3430 unus
742 3361 858 3431 codex.
889 3358 1029 3432 Bothius
1043 3364 1132 3434 huno

74 3471 216 3520 versum
238 3453 351 3518 offert:

185 3569 240 3646 qui
257 3569 401 3628 decumas
417 3569 532 3644 parteS,
548 3567 695 3640 quantum
713 3565 803 3624 alieni
819 3565 904 3639 iuvit,
921 3565 1052 3642 polluxit
1066 3565 1131 3642 tibi,
1190 3611 1192 3614 .
1261 3585 1263 3598 ’

73 3685 206 3754 cetera,
230 3683 267 3740 ut
289 3670 447 3758 glossam,
468 3669 627 3760 ejicienda
643 3670 805 3758 opinatus.
845 3669 1004 3736 Disseruit
1024 3671 1067 3736 ab
1090 3691 1132 3737 eo

74 3831 297 3850 w

140 3922 175 3990 1)
197 3919 216 3974 l.
233 3919 252 3974 l.
304 3917 333 3986 2)
352 3917 393 3972 ud
410 3916 487 3971 Fert.
505 3933 573 3990 pap.
589 3919 648 3974 408.
697 3913 728 3986 3)
749 3915 859 3986 frapm.
878 3931 949 3970 com.
963 3933 1036 3988 pop.
1054 3920 1086 3974 18
1104 3921 1132 3970 et

71 4003 120 4068 423
146 4007 190 4058 'in
208 3999 309 4058 Museo
327 4000 419 4068 Rhen-
434 3999 467 4056 V.
482 4018 552 4076 pap.
572 4007 654 4063 288..
685 4005 714 4069 4)
739 4003 776 4074 dc
796 4001 857 4072 fab.
875 4001 959 4056 Atell.
980 4019 1054 4074 pap.
1073 4006 1130 4060 121.

68 4088 97 4152 5)
114 4087 135 4142 I.
158 4087 184 4140 d.
203 4104 273 4160 pup-
290 4090 349 4146 166.
392 4087 420 4152 6)
439 4084 478 4154 of.
494 4084 604 4156 frupm.
623 4091 647 4141 1.
689 4087 720 4156 7)
737 4085 775 4156 cf.
790 4086 898 4159 frnpm.
915 4092 940 4146 3.
985 4092 1014 4157 8)
1035 4087 1130 4143 Oasin.
1216 4106 1218 4110 ⁴

68 4166 111 4224 lll.
131 4172 159 4225 l.
183 4175 214 4226 9.
261 4165 291 4239 9)
316 4168 356 4240 cf.
372 4163 497 4223 Mueller
516 4169 535 4225 l.
551 4170 570 4224 l.
626 4172 670 4238 10)
686 4169 724 4241 cf.
740 4171 806 4225 zero
831 4170 1074 4244 Fortensclcrtflen
1098 4173 1130 4228 ll.

63 4271 139 4329 pap.
159 4262 212 4314 51.
271 4257 317 4324 11)
344 4253 382 4324 cf.
406 4252 538 4308 Metnelcc
560 4257 658 4310 comio.
687 4255 789 4311 Graec.
808 4255 918 4329 frupm.
938 4256 957 4312 l.
980 4261 1050 4333 pap.
1073 4263 1130 4318 180.

71 4345 115 4408 12)
135 4340 186 4411 cf.
209 4337 341 4398 Monere
354 4341 374 4397 1.
388 4340 409 4396 l.
426 4339 471 4394 lV.
485 4358 556 4415 pap.
571 4346 632 4399 151.
674 4331 720 4412 13)
731 4360 804 4417 pap.
819 4347 871 4400 470
888 4341 986 4418 Kralrl.
