2802 4908
671 297 947 372 *1704-

286 475 446 554 tnaerlraa
464 475 669 542 manetur
697 481 730 540 et
756 473 964 544 amantea
991 497 1093 544 uacua
1122 496 1193 546 mae
1219 478 1290 562 (cal.

286 583 332 628 aa
353 563 462 642 atae),
483 581 549 646 aaa
566 561 763 646 praeamata
783 567 895 628 statua
915 563 987 630 e‘ue
1008 563 1290 648 eminentissima

284 649 378 736 (aad.
402 645 574 728 Sanctae),
594 649 652 734 qui
671 645 764 718 Daue
785 646 873 715 Dius
924 651 1011 718 adius
1031 659 1171 728 uocatur,
1191 671 1290 737 ecqua

286 755 372 802 nana
397 735 625 818 periclitantes
659 741 809 802 ramenta
846 745 984 802 remant.
1039 739 1091 804 Ea
1123 740 1225 802 unctui
1248 739 1290 802 *ait

281 819 425 910 praebia
446 820 535 904 (aad.
553 820 734 906 praetia),
756 819 844 914 qnod
863 825 953 890 atala
968 825 1183 910 prohibeant(

286 990 290 1010 ·
363 945 511 1048 Praebia
530 954 585 1022 vel
599 954 742 1022 amuleta
750 957 951 1026 Graecarum
967 958 1207 1045 προβασκάνια
1222 965 1290 1035 nunt,

280 1062 385 1134 quae,
396 1051 443 1109 nt
463 1041 552 1111 mula
571 1063 594 1114 a
614 1061 653 1110 se
671 1041 895 1133 prohiberent,
915 1054 1048 1131 portare
1067 1043 1208 1113 solebant
1220 1049 1255 1124 ²).

702 1219 904 1290 Tabellaria.

365 1339 474 1408 Novio
495 1359 570 1408 eam
590 1340 736 1408 tribuunt
754 1341 892 1409 Bothiua
905 1345 937 1422 ⁸)
972 1351 1023 1422 et,
1046 1361 1228 1445 quamquam
1245 1339 1289 1402 lu·

278 1428 441 1511 utuntur,
462 1426 619 1494 Munkius
634 1429 676 1512 ³).
719 1427 830 1514 Atque
850 1448 888 1492 re
910 1447 1001 1508 vera,
1034 1451 1064 1497 sn
1083 1429 1227 1496 librarum
1244 1445 1288 1488 an·

187 1573 191 1586 ,
279 1514 463 1581 claritatem
486 1515 580 1598 sequi
601 1513 664 1593 vis,
687 1516 816 1593 nescis,
838 1513 915 1602 quid
937 1515 1143 1602 amplectere.
1184 1513 1289 1580 Diome·

277 1602 329 1668 dis
351 1601 437 1668 anim
463 1599 537 1666 libri
559 1619 673 1666 omnes
697 1600 855 1666 Naevium
886 1598 1020 1668 fabulae
1042 1613 1199 1668 auctorem
1217 1595 1288 1661 exhi·

275 1689 375 1766 beat,
404 1685 480 1751 dum
501 1685 644 1753 Noniani
672 1683 747 1754 libri
775 1687 987 1772 manuscripti
1009 1687 1146 1758 Novium
1174 1695 1286 1750 tuentur.

276 1773 344 1839 Sed
367 1773 514 1862 sequitur
533 1771 566 1836 in
589 1770 681 1836 libris
695 1772 855 1838 Nonianis
875 1772 1091 1862 fragmentum
1107 1771 1181 1842 illud
1196 1791 1212 1834 e
1225 1769 1288 1832 San·

274 1859 440 1937 manibus,
455 1879 553 1944 quam
574 1855 720 1926 tabulam
741 1859 868 1929 Naevio
889 1857 983 1937 libri,
1013 1860 1121 1925 Novio
1149 1858 1204 1922 viri
1219 1851 1288 1918 docti

273 1946 451 2013 vindicant
493 1945 608 2027 Recte,
630 1945 660 2009 si
681 1945 758 2032 quid
779 1943 889 2023 video,
912 1944 955 2010 hi.
986 1944 1131 2010 Scurrae
1150 1944 1225 2008 enim
1241 1937 1288 2015 illi,

274 2032 392 2118 quibus
422 2029 624 2096 sannionum
653 2041 772 2098 nomen
806 2030 980 2110 dederunt,
1017 2031 1176 2103 Atellanis
1203 2025 1287 2106 magis

273 2118 482 2195 conveniunt,
506 2136 642 2202 quarum
664 2117 761 2202 quasi
782 2118 906 2208 proprii
921 2128 998 2181 sunt
1012 2117 1141 2188 dicendi
1151 2122 1191 2196 ⁴),
1211 2129 1288 2196 quam
1356 2157 1358 2166 ι

272 2202 348 2270 aliis
369 2200 491 2272 fabulis
512 2201 664 2268 scenicis.
708 2202 884 2269 Praecedit
906 2215 1013 2271 antem
1036 2205 1069 2269 in
1088 2203 1174 2268 libris
1189 2196 1288 2269 Nonia-
1355 2197 1358 2214 ⁹

270 2291 324 2358 nis
346 2307 463 2354 versus
485 2308 505 2353 e
526 2287 714 2354 Tabellaria
737 2289 926 2380 depromtns
947 2301 980 2355 et
1001 2291 1034 2355 in
1059 2289 1217 2357 codicibus
1235 2280 1287 2344 No·
1357 2280 1358 2290 ’

270 2376 318 2440 vii
337 2383 457 2439 nomen
480 2393 561 2458 prae
591 2391 629 2438 se
649 2374 770 2443 ferens.
815 2373 938 2439 Verum
971 2377 1059 2441 enim
1086 2397 1164 2440 veru
1189 2390 1234 2434 res
1251 2367 1288 2428 ita

270 2480 347 2528 sese
367 2458 491 2526 habere
513 2459 655 2538 ridetur,
683 2470 719 2523 ut
741 2470 774 2524 et
794 2458 906 2524 Naevii
934 2473 968 2526 et
989 2461 1088 2528 Novii
1116 2475 1218 2528 namen
1248 2450 1286 2516 lo·
1351 2471 1357 2526 i

270 2566 347 2612 cnm
368 2545 583 2623 mutaverint,
605 2555 638 2608 et
659 2543 847 2614 Tabellaria
868 2545 955 2616 iulso
977 2547 1107 2630 Novio,
1129 2542 1288 2614 Sermiones

268 2633 389 2721 injuria
408 2631 537 2699 Naevio
557 2631 717 2718 adscripti
738 2633 813 2701 sint.

689 2829 693 2846 ¹
778 2810 807 2877 l.

350 2928 478 2996 Nonius
492 2930 541 3013 ⁵)=
566 2948 702 3018 pannus
722 2949 784 3000 usa
801 2933 933 3022 gemetis
953 2935 1135 3000 masculini.
1179 2927 1289 2996 Neutra

268 3020 418 3088 Naeuius
446 3015 658 3087 Tabellaria:

264 3129 319 3216 qui
332 3133 427 3193 habet
439 3134 570 3197 acorem
586 3132 897 3208 caeterorummetum
909 3138 1047 3211 paritum
1064 3130 1288 3214 tnptrpnraest.

265 3241 415 3317 Naeuius
436 3236 525 3302 editt.
547 3233 621 3305 Ala
642 3235 717 3303 Jun.
741 3249 774 3304 et
793 3238 932 3320 Pariss.;
957 3239 1087 3311 Nouius
1108 3237 1216 3328 reliqq.

255 3429 259 3440 Ι
352 3352 418 3436 Qut
438 3368 513 3416 eum
533 3345 630 3414 ltulet
650 3367 716 3416 non
738 3347 896 3419 coalescit
903 3396 914 3431 ,
936 3353 996 3422 sed
1017 3354 1191 3440 corripitur
1205 3350 1244 3428 6)·
1353 3385 1356 3448 j

327 3651 363 3718 1)
389 3647 429 3718 cf.
455 3645 637 3704 Kircltmann
661 3645 699 3699 tie
732 3645 847 3700 annulis
871 3654 1006 3710 veteram.
1060 3648 1190 3722 Luqduu.
1217 3643 1289 3700 luttr

260 3732 421 3808 Spanltetm
439 3731 479 3786 ad
505 3730 618 3785 Callim-
640 3747 710 3803 ρας.
728 3733 798 3798 3293
826 3729 983 3788 Canalem
1008 3735 1056 3793 ad.
1074 3733 1175 3790 Athen.
1201 3727 1240 3784 ΙΙΙ.
1256 3727 1288 3780 ll·
1355 3771 1356 3777 ,

256 3840 325 3904 pay.
345 3821 410 3880 12&
426 3809 582 3889 Blltthar’s
601 3811 713 3871 Satine
731 3813 762 3870 li.
777 3831 847 3890 paq.
867 3821 934 3882 1ea,·
954 3813 1086 3874 Bactara
1107 3813 1248 3873 clavillae
1262 3805 1287 3861 ii·

256 3926 324 3986 paq.
343 3907 409 3970 2943
426 3899 547 3972 Dtlttey
564 3903 605 3956 ud
619 3901 709 3956 Tacta
728 3899 823 3956 Getam·
841 3905 875 3958 45
890 3919 959 3977 pay·
978 3907 1044 3968 2893
1067 3895 1222 3958 Willnclm’c
1234 3895 1290 3950 Get*
1347 3903 1351 3956 ξ

256 3993 373 4050 mantea
386 4003 458 4060 paq.
476 3988 545 4049 3465
560 3985 715 4044 scaettae.
735 3986 965 4066 ndArtstapltun.
986 3987 1064 4048 Plnt.
1082 3977 1288 4048 aaattnmsterl.
1347 3989 1351 4024 ἲ

256 4075 285 4143 2)
302 4076 411 4148 fimum.
438 4085 508 4125 cant.
532 4085 602 4144 paq.
626 4073 669 4128 65.
723 4073 1164 4146 mt.t.pa9.180not.aaa.
1213 4074 1240 4138 4)
1257 4061 1289 4134 ci·

253 4159 346 4222 Mualc
363 4162 382 4214 l.
400 4160 419 4214 l.
434 4173 504 4232 pay·
519 4159 565 4212 ¹38.
617 4161 647 4226 5)
665 4175 687 4212 a.
712 4175 737 4212 u.
752 4173 870 4232 partiam
893 4174 962 4230 paq.
986 4161 1038 4216 218
1055 4156 1098 4212 Μ.
1118 4163 1167 4216 148
1188 4154 1219 4210 G.
1265 4151 1289 4214 6)
1354 4173 1355 4203 t

252 4243 290 4318 cf.
312 4243 409 4300 ltttter
426 4241 556 4297 clamant.
575 4239 644 4316 lina.
663 4243 729 4298 Lat.
748 4261 820 4320 paq.
840 4249 891 4302 150
907 4261 965 4316 sqq.
1346 4247 1355 4290 ἰ
