2802 4908
541 312 816 396 *222-

151 496 274 578 oiliurp,
300 493 508 572 detentam,
539 492 953 574 Pauuviumwtttiumiio
981 497 1115 568 sedere
1132 497 1203 564 suls

150 584 360 666 vituperasse
375 580 562 666 dicatum),
576 580 724 654 Naevius
743 581 972 666 reprehensus.
984 595 1055 652 nori
1069 585 1203 652 suatur.

149 667 267 737 Simile
294 668 379 738 euim
401 666 529 752 utrique
558 666 743 750 ingenium,
759 677 808 742 ,rut
822 667 1000 740 ..Lauinum
1026 683 1055 738 'a
1075 671 1202 738 Naevio

147 753 296 822 notando
319 753 430 819 dedita
450 753 1047 838 upera‚ahstinuisse·putuuelineat.
1067 757 1130 824 ‚At
1151 755 1201 826 fa·

150 849 240 906 mum
271 859 499 925 quoqueuesse
521 845 837 925 potestat-potitus
850 840 972 912 ‚Ennio
986 843 1199 928 antiquiores·

150 927 423 1013 quemadmodum
441 923 536 992 multi
548 925 622 1012 ejus
650 928 770 998 aetatis
785 925 953 1007 :Romaiu
965 927 1114 996 Louilius
1132 945 1202 996 noo

149 1023 346 1090 moraretur,
368 1016 478 1098 itaque
501 1032 563 1084 nea
585 1011 721 1092 Livium,
743 1031 806 1086 ntro
828 1013 1090 1098 Naeuiummeo·
1104 1001 1201 1082 Plau*

148 1111 218 1165 tum
236 1099 428 1182 respiceret
450 1097 579 1163 Etenim
599 1100 771 1182 petitarum
782 1097 924 1171 illorum
941 1121 1125 1172 sennonem
1146 1122 1200 1168 sor

147 1184 218 1254 lum
240 1185 375 1266 carpsit,
403 1181 497 1271 eujus
521 1182 718 1267 elegantiam
748 1186 791 1250 ab
813 1185 916 1251 Ennio
938 1187 1003 1254 inei
1028 1208 1084 1253 ere
1105 1198 1200 1276 puta-

75 1270 80 1280 '
149 1273 241 1339 baut.
286 1269 541 1336 Diversissimae
562 1279 671 1336 autern
698 1269 922 1337 Romanorum
943 1273 977 1338 iu
992 1209 1202 1362 ‹lljudioanda

149 1369 300 1424 veterum
332 1356 531 1422 comicorum
564 1358 773 1438 praestantia·
786 1357 970 1424 sententiae
988 1357 1131 1440 haunt,
1152 1369 1201 1438 ut,

149 1445 208 1530 qui
238 1441 436 1528 elegantiam
466 1452 591 1507 tentum
621 1453 654 1506 et
677 1442 880 1509 Graecorum
901 1445 1100 1512 imitationes
1121 1447 1200 1512 ada·

150 1539 291 1608 merent,
312 1528 514 1608 Terentium,
537 1528 592 1634 qui
614 1529 821 1614 gravitatem,
841 1531 1018 1616 ingenium,
1040 1531 1106 1598 vim
1127 1551 1200 1600 sos·
1240 1563 1245 1580 ¹

139 1617 312 1719 ¹picerent,
345 1625 475 1682 veteres
498 1617 616 1698 poetas
639 1615 852 1698 praeferrent.
896 1615 1069 1686 Voloatius
1091 1631 1202 1692 autern

150 1700 211 1770 rlle
240 1701 408 1784 Sedigitas
438 1721 513 1766 oum
545 1699 690 1765 inoertos
720 1699 842 1768 multos
863 1701 929 1776 hoo
950 1703 983 1770 in
1004 1725 1042 1770 re
1064 1706 1201 1784 videret,

148 1798 276 1856 eertum
307 1787 469 1871 quendam
497 1785 644 1852 ordinem
674 1787 860 1866 coustituit,
892 1791 1073 1858 seeundum
1102 1812 1201 1877 quem

148 1873 269 1940 comici
299 1873 440 1938 Romani
474 1883 735 1950 recenserentur,
763 1871 858 1975 eujus
881 1873 923 1938 de
945 1874 1072 1942 Naevio
1095 1881 1198 1960 potita

147 1957 515 2026 lionorifioentissimum
540 1957 700 2044 judicium
728 1978 768 2023 eo
791 1958 943 2025 lubentius
966 1981 1041 2026 oum
1069 1960 1200 2028 lectori-

148 2049 215 2114 bus
237 2045 453 2123 communioo‚
472 2063 535 2130 quo
552 2045 657 2128 major
670 2043 747 2118 huie
764 2045 846 2125 viro,
862 2043 895 2110 in
918 2044 970 2112 his
983 2049 1084 2114 rebus
1105 2067 1198 2120 euer-

149 2131 357 2208 citatissimo,
379 2129 462 2198 tides
478 2131 629 2195 habende
644 2146 705 2194 est.
739 2129 883 2196 Tertiam
900 2143 1008 2200 autem
1023 2144 1101 2218 post
1117 2135 1200 2200 Cae·

152 2219 265 2285 cilium
287 2228 320 2282 ot
342 2216 492 2282 Plautum
515 2214 657 2299 palmam
679 2215 806 2282 Naevio
829 2215 944 2296 defert,
970 2239 1023 2298 ea,
1045 2230 1137 2304 puto,
1159 2219 1201 2286 de
1313 2269 1317 2280 ,

150 2325 272 2383 oausa,
294 2304 381 2388 quod
404 2301 520 2367 Naevii
543 2299 684 2378 fabulae,
713 2302 745 2369 in
769 2304 887 2390 quibus
908 2302 1030 2371 multae
1058 2326 1114 2371 1es
1135 2317 1200 2370 tra·

146 2392 348 2470 elabantur,
379 2409 464 2473 quae
491 2398 646 2471 posterae
679 2390 777 2454 aetati
798 2390 873 2456 inoo
900 2391 986 2458 niteo
1006 2402 1112 2472 erant,
1133 2413 1201 2458 non

143 2480 200 2546 ita
221 2488 338 2561 postea
360 2475 560 2553 arridebant,
591 2485 626 2538 ut
648 2472 754 2542 Plauti
777 2409 980 2562 Caeciliique
1000 2475 1144 2558 subulae,
1167 2479 1201 2542 in

145 2564 271 2650 quibus
300 2581 361 2626 eae
382 2561 556 2642 expositae
583 2580 637 2623 res
671 2571 777 2639 erant,
799 2583 885 2647 quae
906 2575 1074 2646 posteram
1095 2583 1201 2652 aequo

144 2669 197 2718 ao
218 2649 362 2733 priscam
392 2656 533 2712 oetatem
565 2643 776 2712 delectarent.
819 2647 904 2713 Nam
926 2647 1086 2715 Naevium
1117 2651 1199 2716 Gae-

145 2733 229 2802 eilio
251 2734 358 2801 Stutio
381 2743 414 2797 et
436 2730 554 2798 Plauto
576 2731 808 2812 cessissemus
828 2733 1037 2806 crediderim·
1073 2735 1201 2804 Versus

144 2833 265 2895 autem
288 2818 426 2902 Sedigiti
448 2817 482 2883 hi
504 2829 598 2884 suot:

280 2959 395 3022 multos
418 2961 554 3024 incertos
578 2962 697 3018 certare
720 2957 801 3018 hano
822 2977 888 3019 rem
909 2959 1048 3036 vidimus,

280 3046 413 3124 palmam
435 3048 546 3122 poetae
570 3047 686 3104 oomioo
710 3046 759 3103 oui
782 3044 931 3104 deferant.

280 3133 359 3197 Eum
381 3150 450 3190 meo
470 3131 587 3208 judicio
611 3149 746 3190 errorem
770 3131 930 3192 dissolvam
954 3133 1019 3207 tibi,

281 3222 317 3278 ut
340 3221 452 3278 contre
470 3219 495 3276 si
518 3219 585 3294 quis
609 3219 730 3290 sentiat,
753 3216 796 3276 nil
820 3219 942 3279 sentiat.

283 3305 419 3369 Caecilio
440 3302 573 3384 palmam
596 3303 700 3363 Statio
723 3303 762 3362 do
784 3306 913 3364 cornito.

280 3391 418 3452 Plautus
443 3388 596 3453 secundus
619 3389 709 3448 facile
733 3393 896 3466 exsuperat
916 3392 1047 3449 ceteros.

279 3476 359 3534 Dein
382 3475 532 3549 Naevius,
557 3477 608 3551 qui
630 3475 738 3549 fervet,
760 3477 913 3552 pretiolo
935 3475 1028 3534 tertio
1051 3479 1107 3538 est.

280 3563 314 3620 Si
337 3563 404 3634 erit,
428 3560 510 3638 quod
533 3563 643 3636 quarto
666 3559 766 3636 detur,
788 3561 911 3620 debitur
930 3561 1065 3623 Licinio.

195 3653 224 3680 ⁴
279 3647 357 3707 Post
381 3648 502 3722 insequi
522 3647 672 3706 Licinium
693 3645 774 3706 facio
795 3648 945 3712 Arretium.
1066 3648 1071 3661 “

279 3734 316 3793 In
340 3737 425 3792 sexto
449 3734 588 3809 sequitur
609 3734 665 3791 hos
687 3733 757 3792 loco
780 3734 955 3796 Terentius.

283 3821 443 3895 Turpilius
466 3819 639 3896 septimum,
662 3819 785 3883 Trabea
808 3822 949 3880 octavum
971 3817 1098 3882 obtinet.

214 3959 241 3972 .,
282 3905 370 3967 llono
392 3905 462 3964 loco
486 3924 555 3964 esso
577 3905 667 3964 leoile
690 3905 770 3965 facio
792 3906 955 3965 Luscium.

165 4045 167 4050 .
281 3991 441 4054 Decimum
465 3991 544 4052 addo
569 4009 662 4056 eausa
684 3992 873 4068 antiquitatis
898 3991 1047 4056 Ennium.

147 4145 366 4168 ,μη-...-

224 4260 251 4326 1)
277 4253 386 4312 Gellius
406 4257 491 4314 Xl'll.
514 4264 564 4322 tlt
593 4255 710 4314 Seruitus
729 4259 769 4314 od
795 4257 890 4334 Vtrptt
909 4258 979 4316 Aen.
996 4257 1041 4316 xl.
1058 4263 1116 4318 sot.
