2828 4892
521 330 754 414 ..7..

108 519 595 610 triatulcmn·t,tlepromtun1'i
638 525 794 605 Accedit,
819 522 922 612 quoi,
942 527 1080 614 Capuae
1103 547 1152 591 ur-

109 609 159 674 bis
188 609 318 676 incolas
351 607 536 694 Campanos
563 629 639 678 esso
668 610 803 689 dictos,
821 614 979 697 inutilium
1005 603 1152 698 iugi't¹);

109 707 184 760 tram
207 693 357 761 detineo
379 691 610 780 superinducta
634 696 713 760 nihil
736 707 845 761 mouet
864 696 1062 762 Schuettins.
1085 689 1152 762 Sed

108 781 184 858 tuo,
215 781 303 846 hanc
331 798 407 847 csse
435 779 680 866 insctiptlonem
706 780 765 850 Cn.
794 781 943 864 Naeuius
965 783 1105 867 Uannius
1121 791 1151 867 ²)

108 864 163 932 vel
190 863 271 931 (iam
297 884 391 944 attius,
415 888 433 931 c
456 868 566 932 causis
595 879 702 934 tamon
729 869 918 950 praetiosus
944 869 989 932 ito
1019 879 1153 953 censeo,

108 963 237 1016 'statttoc
259 887 305 1017 illi
327 973 348 1018 a
369 953 440 1017 viro
464 949 562 1018 docto
585 953 688 1019 seculi
709 953 782 1018 XV.
803 965 859 1020 out
874 949 950 1019 xvi
974 954 1153 1038 Canupnuo,

109 1039 246 1103 seducto
275 1037 332 1104 illo
361 1056 422 1125 per
443 1033 543 1106 Gellii
571 1038 679 1104 locum
709 1057 810 1124 supra
832 1033 1018 1118 laudatum,
1040 1051 1074 1104 ut
1097 1055 1153 1124 pa·

109 1124 192 1189 tilae
214 1122 318 1208 glorio
339 1135 524 1206 cogeretur,
546 1133 662 1188 nomen
680 1121 794 1190 Naeuii
814 1125 1007 1208 inscriptum
1026 1143 1104 1190 csso
1118 1161 1152 1173 -·

109 1227 207 1295 quum
230 1209 422 1274 sententium
453 1209 497 1274 ita
522 1207 729 1296 octuplo'ciitur
753 1209 953 1289 Scirtctlius,
982 1219 1017 1276 ut
1047 1210 1154 1296 hujus,

109 1297 137 1359 si
170 1293 232 1358 diis
261 1293 390 1380 placet,
421 1295 510 1360 docti
540 1296 601 1360 viri
627 1293 753 1382 judicio
786 1319 879 1362 suurn
910 1317 978 1362 rem
1012 1297 1154 1381 probunt

108 1381 256 1458 studeat,
279 1381 366 1466 quotl
388 1388 524 1467 apparot
554 1401 651 1465 quum
683 1382 726 1446 sit
747 1383 817 1448 viro
840 1380 953 1447 critico
975 1381 1153 1466 indiguum.

108 1463 224 1551 ltaque
246 1484 318 1530 cuin
341 1465 426 1532 haec
447 1465 608 1532 Schucttii
628 1480 819 1552 argumenta
845 1465 1057 1552 fragilissima
1079 1475 1154 1531 sunt

108 1569 217 1636 nequo
251 1551 426 1637 quidquam
458 1554 620 1636 probant,
655 1565 721 1618 tum
751 1551 898 1630 tortium,
930 1555 1016 1638 quod
1046 1552 1154 1630 olion,

107 1634 307 1702 contrarium
344 1655 477 1716 eorum,
516 1655 601 1726 φωρ
636 1641 711 1704 inde
747 1637 914 1704 concludit
951 1639 1154 1724 comprobat.

107 1720 227 1788 (liceto
245 1725 276 1806 ³)
303 1724 407 1786 enim:
430 1743 496 1808 qna
524 1742 579 1802 re,
610 1725 676 1803 ait,
704 1745 775 1789 enm
803 1726 845 1789 sit
873 1723 1033 1812 quaedam
1061 1731 1155 1788 emta

107 1817 173 1872 iton
206 1809 347 1872 Bouiani
372 1811 505 1896 perieris
537 1809 689 1894 nidisque
716 1812 879 1895 propriu,
910 1813 944 1873 in
978 1826 1044 1894 qna
1072 1807 1155 1872 niiil

108 1893 255 1996 offendi,
284 1893 365 1958 ntutt
394 1895 589 1978 displicere,
617 1895 699 1959 ntutt
719 1895 936 1960 animaduerti
954 1896 1080 1978 possit,
1106 1896 1153 1957 ui-

107 1979 157 2044 izi
184 1995 304 2044 satiare
332 1985 390 2044 ani
418 1983 507 2044 olere
533 1982 762 2066 peroptimum:
788 1981 873 2044 inito
894 1993 1078 2066 reputamur,
1099 1999 1155 2042 ne-

108 2085 173 2150 que
194 2067 299 2130 solnm
320 2067 476 2130 rusticam
499 2067 728 2150 asperitatem,
753 2065 811 2130 scd
831 2067 927 2129 etiam
946 2065 1157 2148 pereprinam

107 2153 315 2216 insolentiam
342 2151 462 2240 supere
491 2151 663 2217 discamus.
707 2149 866 2238 Equidem
888 2167 959 2212 cam
983 2147 1085 2212 antlia
1107 2167 1156 2211 so-

107 2253 201 2300 crum
232 2253 333 2300 meam
367 2235 512 2299 Laelium
541 2235 661 2315 (verba
692 2247 769 2322 suun
800 2235 930 2314 Crassi)
951 2269 993 2282 —-
1019 2235 1157 2322 facilius

106 2323 195 2386 enim
235 2323 385 2384 mrtlieres
424 2323 649 2406 incorruptam
684 2324 908 2406 antiquitatem
951 2327 1157 2398 contemnant,

106 2405 218 2493 qnod,
250 2405 420 2470 multorum
447 2409 604 2471 sermonis
631 2416 799 2490 expertes,
827 2428 867 2471 ea
890 2413 997 2471 tenerit
1018 2426 1156 2490 semper,

107 2510 196 2578 qnae
216 2493 326 2574 primo
348 2491 535 2558 didicerunt
549 2527 591 2540 -—
613 2493 671 2556 sed
692 2515 763 2558 earn
783 2493 830 2558 sie
852 2491 973 2572 aridio,
997 2499 1033 2556 nt
1058 2491 1157 2556 Plan-

103 2585 177 2642 'tnm
199 2577 275 2642 mitt
295 2585 354 2642 ant
378 2577 538 2642 Naeuium
559 2579 675 2642 uidear
696 2581 837 2653 andire;
865 2599 945 2640 sono
967 2579 1040 2660 ipso
1070 2579 1157 2641 cocis

107 2667 160 2728 ila
182 2672 273 2728 recto
294 2671 326 2726 ei
346 2664 485 2748 simplici
514 2673 580 2742 esi,
602 2671 638 2727 ni
659 2665 742 2728 niiil
762 2663 988 2728 ostentationis
1010 2670 1069 2726 ant
1089 2665 1156 2726 imi-

108 2751 246 2814 tationis
275 2767 296 2810 a
326 2767 382 2815 ere
410 2750 584 2823 cidentnr,·
605 2769 646 2814 er
668 2771 732 2836 qao
754 2752 802 2813 sic
825 2753 966 2814 loentum
995 2748 1067 2834 ejas
1095 2755 1158 2831 pa'-

109 2845 194 2902 trem
222 2831 361 2922 judeo,
390 2837 438 2898 sic
468 2837 628 2922 majores,
658 2857 723 2920 quo
760 2834 835 2900 loco
871 2855 937 2898 uon
970 2833 1041 2898 sine
1066 2835 1160 2919 justa

110 2938 216 2986 causa
238 2919 377 3000 Livium,
399 2919 536 2985 Ennium
557 2929 596 2985 ei·
610 2921 797 2985 'ferentium
820 2921 961 2983 omissos
984 2939 1061 2983 csse
1083 2918 1161 2981 dicit

108 3005 321 3088 SchucttiuS,
374 3007 436 3069 uod
466 3005 515 3071 illi
544 3025 611 3070 non
639 3027 661 3070 a
689 3006 800 3090 pueris
822 3003 938 3068 Latine
967 3003 1056 3088 loqui
1083 3023 1160 3067 con·
1257 3017 1259 3022 ·

108 3101 286 3168 ¹sitessont,
309 3025 371 3155 scd
391 3102 530 3176 postca,
552 3113 626 3156 cum
649 3089 737 3154 Osce
760 3100 816 3155 aut
837 3085 966 3153 Graece
988 3087 1161 3174 loqueren-

112 3189 189 3256 tur,
226 3175 377 3241 Latinam
415 3173 559 3258 linguam
597 3175 807 3253 didicissent,
847 3175 992 3240 Naevius
1033 3187 1158 3244 contro,

113 3265 236 3346 quippe
265 3261 297 3324 in
328 3259 505 3346 Cuntpanis
537 3272 653 3339 natus,
685 3272 820 3346 propter
854 3261 1054 3346 fremueutcm
1086 3279 1160 3325 cusu

108 3345 275 3414 Romanis
304 3349 571 3412 consuetudinem
600 3347 730 3413 lucilius
760 3350 887 3430 integro
917 3347 1066 3411 [tuniano
1092 3364 1160 3406 scr·

110 3449 211 3498 utone
235 3451 314 3496 usus
336 3443 434 3496 essct.
478 3431 523 3498 At
546 3454 611 3498 non
635 3435 676 3496 de
698 3433 815 3498 Latino
845 3454 1016 3508 seu-suone,
1038 3427 1096 3494 sed
1121 3429 1162 3490 dc

113 3519 278 3590 Romano,
301 3537 365 3582 non
389 3518 430 3582 dc
453 3520 596 3595 rustico,
629 3519 687 3584 sed
712 3519 752 3583 de
774 3521 898 3582 urbano
922 3515 1039 3581 Cicero
1062 3523 1161 3597 cupo-

114 3607 180 3684 nit,
211 3605 252 3667 dc
283 3624 451 3681 sermone,
482 3615 517 3668 ut
547 3606 620 3688 ipse
648 3605 741 3682 «lictu,
771 3604 860 3667 urbis
885 3600 1036 3684 proprio,
1067 3615 1162 3682 quem

111 3693 180 3755 ne'c
201 3689 315 3754 Linus
337 3707 399 3754 nco
417 3689 550 3769 rusius,
573 3697 685 3772 utpote
708 3686 828 3752 (irueoi
850 3687 882 3748 ct
905 3685 996 3760 Osci,
1018 3683 1162 3748 nec‘Tc·
1236 3757 1239 3762 ¹

114 3776 242 3840 sentius
268 3773 349 3839 Ater
377 3779 458 3858 puio
480 3786 513 3839 ct
536 3773 633 3857 piouc
655 3785 688 3838 ot
710 3775 781 3838 sinc
801 3771 918 3854 -oliqca
946 3770 1165 3834 ostentatione

116 3875 149 3928 ct
170 3861 352 3928 imitatione
372 3859 599 3948 loquebantur.
639 3858 789 3926 Plautum
809 3868 917 3922 autem
939 3855 1166 3946 praetermittit

117 4037 327 4052 m
363 4039 368 4048 ¹

191 4142 217 4206 1)
245 4133 451 4198 Drakenborch
476 4134 516 4192 od
541 4129 601 4194 diu.
634 4134 691 4194 Vll.
718 4135 759 4194 30.
793 4137 843 4200 ih
879 4127 1000 4192 Gronov.
1034 4125 1074 4190 ad
1107 4128 1166 4190 ta.

21 4181 22 4206 ¹
120 4218 231 4280 xxvn.
250 4223 274 4279 u.
297 4221 322 4278 t.
370 4223 400 4291 u)
420 4211 502 4311 sem
520 4223 559 4282 ao
581 4219 677 4296 usqu.
694 4225 761 4279 nen.
777 4221 809 4280 x.
829 4223 886 4306 ns,
920 4211 966 4314 Ιε’)
985 4217 1020 4304 a
1034 4225 1110 4310 pras.
1124 4212 1169 4296 nu,

123 4301 335 4364 numm
