2802 4908
515 329 563 344 -
616 291 692 364 221·
741 327 791 344 «-

135 473 186 540 los
207 474 241 540 in
263 470 446 540 Romanam
477 467 622 556 linguam
658 473 895 551 convertisset,
929 473 1061 542 Gmaca
1080 477 1178 560 argus

129 571 244 626 mente
264 571 459 636 tractasset,
487 559 640 624 Graecos
670 579 781 625 mores
810 561 1060 643 descripsisset,
1091 561 1179 648 quod

129 645 319 712 *fabularum
348 667 452 729 genus
481 642 653 729 palliatum
681 647 817 725 dicitur,
846 647 990 712 Naevius
1011 648 1181 714 Romarm

129 730 267 797 ¹fabulas
298 733 422 815 primam
455 732 639 815 composuit
668 733 740 797 sine
772 731 860 798 omni
892 731 1094 798 Graecorum
1123 745 1182 799 aut

136 817 370 903 exemplarium
400 818 578 884 imitatione
599 828 801 884 culmorum
831 819 1069 902 descriptione,
1098 839 1182 905 quae

136 915 320 988 togatorum
341 903 472 969 nomine
493 903 668 987 insignitae
688 915 773 970 sunt
817 902 966 971 Donatus
989 904 1181 990 quidem²Jr

134 987 350 1068 comoediam,
372 991 497 1075 inquit,
527 989 620 1073 cpaod
647 989 794 1056 Graecos
814 990 946 1056 dubiam
966 999 1014 1056 est
1037 994 1109 1078 queis
1130 992 1180 1056 iu·

134 1077 276 1155 amerit,
306 1077 399 1160 apud
433 1076 573 1142 Luticcs
604 1084 726 1141 certem
755 1086 813 1142 est.
862 1076 1067 1143 Comoedicm
1097 1080 1181 1144 euim

135 1172 169 1228 ct
187 1163 392 1248 eroposeiam
422 1170 565 1248 amotam
590 1165 699 1246 ptimo
722 1163 835 1230 Lirim
851 1163 1066 1230 *Aaronem
1087 1183 1180 1248 repe·

133 1252 200 1326 rit,
230 1269 327 1333 quem
349 1260 455 1314 tamen
478 1252 549 1334 jam
571 1248 835 1333 Neukirohius2)
850 1251 940 1316 »satis
960 1249 1080 1318 resulit.
1124 1249 1180 1316 Vi·

134 1335 229 1400 detur
262 1335 347 1400 enim
376 1334 524 1402 Donatus
552 1332 698 1400 fabulam
730 1335 882 1402 Romano
915 1356 1066 1402 sermone
1098 1335 1181 1402 scri·

134 1433 223 1570 ptam
254 1441 327 1486 cum
357 1419 472 1488 sabula
501 1431 614 1503 togata
644 1419 855 1488 confundere.
898 1421 983 1488 Nam
1005 1442 1112 1506 neque
1133 1420 1180 1488 ul·

149 1508 199 1573 ius
223 1507 393 1590 scriptoris
416 1505 678 1592 testimonique
702 1527 744 1573 uc
765 1509 870 1592 ipsius
892 1508 977 1574 Livii
997 1506 1182 1576 fabularum

128 1593 399 1677 ,inscriptionibus
420 1592 667 1674 fragmentisve,
680 1529 777 1659 bunc
798 1598 941 1678 poiitam,
963 1594 1017 1682 qui
1039 1615 1060 1660 a
1079 1595 1181 1662 Grae·

132 1679 183 1744 cis
202 1690 300 1752 ¹totus
330 1681 451 1762 pendet
474 1689 681 1762 ettanquam
705 1679 854 1746 Graecus
876 1679 1028 1748 Romano
1052 1679 1180 1746 Naevio

133 1766 258 1848 opponi
291 1763 396 1836 solet,
426 1776 651 1847 argumentum
672 1763 805 1850 aliquod
827 1766 1010 1830 Romanum
1031 1766 1064 1832 in
1086 1766 1180 1834 fabu-

132 1849 175 1916 lis
196 1853 266 1916 suis
288 1862 469 1929 tractasse,
500 1851 739 1934 comprobatur.
785 1852 900 1918 Naevii
929 1863 1036 1918 autern
1057 1851 1180 1918 Romu·

131 1936 240 2003 luset
262 1936 455 2002 Clastidium
476 1946 610 2018 togatae
631 1947 726 2016 sunt,
754 1936 813 2002 illa
841 1948 1064 2021 praetextata,
1093 1936 1180 2009 hacc

132 2025 329 2090 tabernaria.
372 2023 424 2088 An
446 2023 614 2088 trabeatos
636 2022 733 2089 etiam
755 2035 788 2090 et
810 2021 1016 2108 planipedias
1039 2025 1180 2107 scripse·

123 2110 185 2188 rit,
208 2109 388 2186 incertum,
417 2129 523 2194 ueque
545 2107 719 2176 verisimile
740 2121 803 2188 est,
825 2131 899 2174 cum
920 2108 1043 2175 nullum
1065 2129 1178 2193 supere

129 2196 176 2264 sit
203 2194 441 2280 fragmentum,
471 2214 536 2277 quo
566 2195 601 2258 id
630 2196 800 2278 probabile
830 2196 921 2260 reddi
952 2196 1068 2279 possit·
1112 2195 1181 2260 Sed

124 2301 256 2364 ‚genera
277 2289 462 2363 togatarum
485 2280 548 2344 nisi
567 2282 736 2365 personis,
766 2301 851 2366 quae
872 2282 905 2346 in
927 2280 968 2346 iis
989 2291 1101 2365 agunt,
1123 2281 1181 2346 vix

123 2369 267 2436 diversa
292 2369 377 2435 inter
406 2386 443 2433 se
474 2378 561 2444 sunt,
582 2375 618 2432 ut
640 2389 714 2432 cum
743 2369 891 2451 primum
908 2377 1029 2451 togata
1046 2367 1181 2444 iuventa

123 2464 234 2532 esset,
256 2455 426 2522 trabeatus
447 2471 577 2537 quoque
599 2463 632 2517 et
648 2453 860 2538 ‘planipedioe
881 2451 978 2520 simul
999 2464 1112 2520 essem
1132 2454 1180 2519 iu·

124 2551 270 2618 uentae,
298 2549 417 2622 utque,
449 2537 504 2623 qui
533 2540 656 2621 primus
684 2539 858 2606 Romanos
888 2559 998 2612 mores
1019 2540 1052 2604 iu
1076 2559 1180 2609 sceua

124 2625 253 2703 edidit,
280 2625 424 2690 oninium
453 2635 585 2706 togatae
613 2623 746 2690 fabulae
766 2645 920 2709 generum
942 2626 1093 2691 inventor
1115 2624 1181 2692 dici

127 2711 245 2798 possit.
289 2710 392 2776 Recte
420 2720 529 2776 autem
558 2709 826 2793 Neukirchmv)
855 2711 1014 2784 Naevium
1037 2731 1078 2774 eo
1101 2732 1179 2776 eon·

130 2797 206 2863 silio
234 2797 405 2862 Romanos
434 2816 543 2872 mores
571 2796 604 2861 in
634 2816 769 2864 scenam
798 2797 994 2881 produxisse
1026 2795 1180 2877 affirmat,

129 2895 183 2965 ut,
213 2893 358 2949 veterum
387 2881 570 2947 Atticorum
598 2882 721 2962 instar,
751 2884 792 2948 de
813 2882 983 2967 republica
1008 2883 1084 2968 quid
1106 2902 1181 2947 seu·

126 2970 224 3048 tiret,
254 2968 357 3034 libere
379 2965 543 3053 profiteri,
575 2989 698 3054 eosque
721 2969 823 3048 cives,
846 2989 929 3054 quos
952 2968 1089 3047 odisset,
1110 2989 1180 3032 ma·

123 3054 259 3138 ledictis
281 3055 350 3119 suis
372 3055 526 3120 insectari
533 3101 546 3134 ,
577 3064 610 3119 et
630 3057 808 3138 pessimum
837 3074 998 3141 quemque
1020 3054 1178 3140 perstriu-

153 3163 211 3206 ere
232 3147 264 3206 et
286 3141 555 3208 contemnendum
581 3141 759 3224 propinare
787 3139 1028 3226 spectatoribus
1054 3151 1179 3224 posset.

121 3162 223 3310 {laec
253 3237 305 3292 est
334 3224 563 3292 maledicentia
584 3223 642 3292 illa
663 3223 855 3306 Naeviana,
878 3248 976 3312 quam
998 3228 1180 3312 scriptores

130 3325 264 3379 veteres
286 3311 396 3378 dicere
425 3310 550 3391 solent,
581 3313 709 3393 eadem,
735 3332 800 3400 qua
820 3312 920 3379 utitur
939 3312 1181 3398 Aristophanes

119 3410 163 3486 ‚et
198 3419 264 3484 qua
292 3398 326 3464 in
358 3419 473 3464 ornnes
505 3397 688 3478 invehitur,
725 3420 809 3485 quos
843 3397 1046 3482 reipublicae
1081 3396 1181 3464 saluti

129 3485 254 3552 obesse
275 3495 375 3570 putat.
412 3481 549 3550 Praeter
564 3481 738 3549 Romulum
760 3496 792 3549 et
811 3483 1004 3550 Clastidium
1025 3503 1067 3549 an
1088 3483 1181 3552 Leon

126 3591 271 3660 quoque,
287 3566 441 3636 Hariolus
463 3581 496 3636 et
517 3568 601 3636 Pulli
622 3581 756 3654 togatae
774 3568 903 3649 luerint,
917 3569 1041 3637 nescio.
1055 3572 1090 3654 ⁴)

217 3682 364 3766 rogatas
386 3681 513 3748 Naevio
536 3681 705 3768 abjudicat
725 3681 975 3766 Welclrerus⁵),
1000 3681 1047 3747 ita
1069 3689 1178 3750 tamen

125 3780 165 3834 ut
187 3788 257 3833 rem
278 3769 311 3833 in
333 3768 459 3834 incerto
488 3765 711 3852 reliquendum
734 3787 810 3834 esse
830 3777 931 3851 putet
977 3761 1044 3833 Sed
1067 3789 1179 3854 quam·

125 3857 182 3922 vis
206 3856 365 3922 incertum
386 3855 449 3936 sit,
472 3854 580 3920 sintne
608 3851 822 3935 Clastidium,
857 3853 1003 3940 (Lupus)
1032 3863 1065 3920 et
1091 3851 1200 3960 Pure

197 4102 227 4171 1)
251 4100 289 4156 de
313 4099 471 4165 cmncadta,
483 4101 642 4174 principio.
700 4100 731 4170 2)
760 4097 797 4156 de
810 4097 905 4171 fabul.
933 4067 1021 4173 tepet.
1048 4116 1117 4176 pap.
1133 4104 1177 4160 62.

119 4185 379 4259 3)1.‚t.pap.67.
421 4188 463 4257 ,4)
482 4186 793 4262 cfipu901581et155.
844 4187 876 4254 5)
899 4184 948 4242 ete
968 4183 1082 4245 Griecb.
1106 4185 1177 4248 Tre·

114 4272 414 4346 quedlenpap.1845
430 4278 491 4328 out.
927 4294 961 4351 g,
998 4347 1001 4355 ⁸
