2828 4892
530 337 576 353 ...
635 301 682 372 39
734 342 781 356 ..

102 501 106 508 ·
125 475 263 544 Bothius
279 482 311 557 ¹)

298 595 438 669 capesset
459 591 608 654 llammam
631 595 757 654 Volcani
779 601 892 674 topper

124 697 279 785 neglecto
301 706 448 764 accentu.
491 697 680 766 Schuettius
703 704 816 769 nescio
840 712 945 768 utrum
967 705 1027 770 itu:

300 813 440 891 capesset
460 816 573 892 topper
592 813 743 876 tilmmam
765 817 943 877 Vulcani...

124 939 171 986 an
192 940 268 986 cum
287 915 465 984 Muellerus

300 1025 338 1094 ..¹
350 1034 491 1110 capesset
512 1033 624 1111 topper
646 1035 795 1094 ssimmam
817 1028 958 1096 vulcam.

213 1138 398 1206 Verisimile
426 1140 502 1205 mihi
530 1140 676 1220 videtur,
706 1141 740 1205 in
767 1141 872 1225 primo
900 1139 984 1206 libro
1031 1161 1095 1228 quo
1125 1143 1167 1208 de

124 1221 249 1313 Trojae
268 1225 419 1291 incendio
442 1225 559 1292 cecinit
579 1238 689 1311 poeta,
708 1229 851 1311 positum
871 1225 976 1292 fuisse
992 1187 1080 1292 bunc
1095 1245 1180 1293 ver.

125 1332 208 1376 sum.
252 1312 319 1378 Sed
348 1309 429 1384 nihil
460 1311 598 1377 affirmo.
652 1312 766 1377 Potest
795 1313 880 1378 enim
916 1311 958 1378 ad
997 1314 1166 1378 incensam

125 1399 225 1462 etiam
246 1419 268 1463 a
288 1396 417 1463 feminis
446 1397 588 1464 classem
615 1401 796 1482 pertinere,
828 1418 912 1482 quae
933 1397 1092 1464 Schuettii
1115 1409 1167 1463 est

124 1485 298 1563 sententia,
321 1483 376 1568 qui
396 1485 511 1549 nescio
531 1505 596 1569 quo
612 1487 689 1571 jure
709 1483 861 1562 affirmat,
882 1485 990 1568 ipsum
1003 1482 1165 1567 fragmen·

124 1581 193 1634 tum
214 1587 236 1632 a
256 1571 356 1635 Festo
377 1569 420 1634 ad
441 1567 559 1636 librum
588 1571 767 1636 secundum
795 1569 927 1648 referri3
955 1589 1033 1636 nam
1059 1589 1168 1655 neque

124 1655 214 1739 apud
235 1653 429 1723 Muellerum
457 1676 563 1743 nequa
595 1657 685 1743 apud
705 1655 961 1724 Lindemannun
991 1655 1057 1724 hoc
1077 1655 1166 1722 inve-

123 1743 223 1808 nitur.
629 1769 631 1773 ·
1096 1793 1112 1828 a

210 2004 375 2088 Interpres
410 2003 493 2090 Maji
527 2005 570 2068 ari
601 1895 732 2088 vigilii
760 2002 908 2069 Aeneida
928 2003 984 2087 2);
1028 2003 1168 2086 petitum

123 2091 299 2155 multorum
314 2091 563 2174 disciplinarum
579 2088 744 2154 Anchisen
762 2090 1046 2176 fuisse....ssutrt.
1073 2086 1169 2151 Nece

124 2177 247 2258 (ius)..
279 2177 334 2259 qui
354 2179 403 2240 r'tu
431 2175 493 2240 deo
516 2175 596 2258 (leg.
619 2176 661 2241 de
682 2178 736 2259 eo)
767 2176 833 2240 ait:
870 2173 988 2239 doctus
1009 2171 1167 2250 Analiba,

124 2282 220 2348 quem
249 2259 374 2340 Venus,
392 2260 618 2346 pulcherrimo
640 2261 818 2345 Dionem),
844 2262 923 2350 satu
944 2258 1057 2338 docet,
1086 2259 1167 2324 dim-

125 2368 205 2412 num
225 2353 261 2411 ut
281 2353 394 2428 pectus
414 2346 555 2414 luberet.
597 2347 702 2414 Ennio
725 2348 821 2413 iidem
841 2365 958 2412 versus
977 2344 1166 2412 adscribun-

124 2443 180 2498 tur
201 2451 223 2494 a
245 2431 354 2497 Probo
373 2436 404 2514 ³)
434 2435 529 2518 eique
560 2433 766 2500 vindicantur
796 2454 818 2498 a
845 2429 974 2496 Merula
1002 2441 1035 2496 ct
1062 2430 1168 2516 Span-

125 2517 306 2604 genbergio
322 2520 375 2600 ⁴),
406 2539 543 2602 quorum
564 2517 619 2584 hic
639 2530 697 2582 aut
716 2521 923 2602 interpretem
943 2516 1035 2582 illum
1055 2517 1090 2581 in
1110 2537 1167 2580 no·

124 2605 215 2670 mine
236 2613 356 2688 poetae
384 2623 517 2670 errasse
545 2613 601 2670 aut
621 2603 757 2672 Ennium
778 2603 897 2669 Naevii
927 2602 1050 2667 scrinia
1079 2601 1168 2685 expi-

125 2687 222 2756 lasse
258 2688 442 2758 arbitratur.
492 2690 523 2757 A
556 2689 681 2756 Naevio
716 2688 801 2756 haec
837 2688 996 2756 sumsisse
1031 2685 1170 2754 Ennium

126 2773 318 2841 Schuettius
341 2795 472 2861 quoque
493 2775 653 2859 opinatur.
696 2775 765 2840 Serl
793 2775 943 2860 quamvis
963 2773 1079 2839 Cicero
1095 2775 1127 2853 ⁵)
1149 2791 1170 2837 a

126 2859 309 2926 Naevianis
338 2861 536 2926 carminibus
567 2860 669 2927 multa
696 2861 887 2926 suffuratum
920 2879 997 2926 esse
1028 2857 1170 2924 Ennium

126 2947 231 3024 dicat,
252 2965 318 3011 non
338 2945 514 3010 verisimile
535 2953 645 3011 tamen
666 2958 727 3030 est,
748 2945 783 3011 id
803 2945 847 3010 ab
863 2944 971 3011 Ennio
987 2943 1034 3008 ita
1046 2940 1171 3009 lactum

127 3051 218 3111 esse,
239 3040 275 3097 ut
296 3031 463 3114 ipsissima
482 3029 601 3097 Naevii
620 3034 723 3096 verba
743 3033 778 3096 in
798 3050 892 3098 suum
914 3049 1047 3096 carmen
1063 3038 1170 3095 maus·

125 3117 246 3196 ferrem
269 3119 390 3202 quippe
411 3117 634 3182 necessarium
655 3127 745 3196 erat,
772 3129 808 3182 ut
828 3115 931 3202 plagii
960 3115 1170 3182 convincere·

126 3215 183 3269 tur
202 3204 246 3270 ab
266 3201 459 3287 aequalibus
475 3203 564 3281 suis,
586 3223 722 3289 quorum
743 3203 776 3270 iu
797 3203 947 3278 manibus
966 3201 1172 3272 Naeuianum

126 3309 261 3356 carmen
291 3290 484 3354 versabatur
513 3299 545 3356 et
566 3290 745 3368 mentibuS,
778 3301 891 3373 utpote
918 3287 1046 3354 Horatii
1072 3288 1171 3352 etiam

126 3383 239 3441 aetate
267 3373 300 3439 iu
328 3373 494 3440 huminum
524 3376 680 3440 memoria
698 3377 730 3457 ⁶)
758 3375 923 3450 infixum„
953 3371 1023 3439 Sed
1050 3390 1093 3440 na
1112 3390 1170 3454 po·

126 3462 191 3528 tuit
225 3460 353 3546 quidem
387 3461 462 3544 ipsa
489 3459 606 3526 Naevii
641 3461 745 3526 verba
780 3463 814 3526 iu
849 3480 944 3526 suum
970 3477 1064 3523 usum
1094 3473 1169 3519 con·

127 3546 239 3625 serre,
282 3547 403 3632 quippe
444 3566 529 3632 quae
570 3545 724 3612 Saturnio
761 3558 885 3624 metro,
926 3543 1014 3631 quod
1046 3539 1171 3607 Ennius
1232 3571 1233 3574 ¹

127 3647 286 3717 tanquam
315 3633 396 3698 rude
418 3641 452 3698 et
471 3629 627 3697 incultum
650 3631 763 3699 derisit
773 3633 824 3718 ⁷),
854 3626 984 3698 inclusa
1002 3646 1079 3694 raro
1100 3637 1170 3694 tan·
1201 3713 1204 3720 γ

128 3730 199 3786 tum
214 3721 246 3798 ⁸)
268 3719 302 3782 in
324 3716 459 3800 longum
474 3717 569 3782 Ennii
590 3738 722 3782 versum
738 3718 872 3783 coirent.
913 3713 1041 3780 Versus
1063 3722 1172 3780 autem

129 3825 153 3870 a
172 3803 284 3870 Probo
305 3814 339 3868 st
359 3803 464 3868 altero
486 3801 616 3890 Virgilii
629 3805 805 3892 interprete
827 3800 951 3872 laudati
971 3820 1038 3874 non
1058 3799 1171 3888 dacty-

127 3960 340 3978 m

202 4003 230 4120 1)
245 4047 358 4122 frapm
375 4049 479 4120 trapie.
494 4063 563 4120 pap.
580 4047 622 4102 111.
675 4047 706 4119 3)
726 4046 757 4103 11.
779 4048 838 4105 378.
850 4067 922 4125 pap.
940 4050 1000 4106 315.
1024 4047 1068 4102 erl.
1092 4046 1173 4123 Horu

130 4135 165 4205 3)
184 4134 225 4190 ad
248 4131 347 4208 Vtrptl.
372 4131 471 4203 Eclop.
498 4129 542 4186 Vl.
566 4134 609 4189 31.
659 4134 688 4204 l)
707 4134 747 4190 ad
771 4133 860 4190 Eunu
882 4133 989 4206 fraprn.
1009 4133 1028 4186 l.
1052 4134 1095 4189 31.
1146 4136 1175 4200 5)
1226 4123 1228 4128 ’

130 4221 218 4278 Bria.
247 4217 289 4274 13.
315 4218 358 4274 76.
410 4217 442 4289 6)
465 4215 568 4274 Horat.
589 4218 685 4293 Epist.
703 4217 735 4272 ll.
755 4219 777 4273 l.
795 4219 836 4275 53.
888 4218 920 4289 1)
935 4217 1010 4275 Ean.
1028 4217 1100 4278 Aua.
1117 4219 1176 4276 vll.

132 4309 160 4362 1.
181 4303 235 4380 Sp.
287 4303 318 4373 8)
343 4293 381 4376 c'ff.
396 4320 466 4378 pap.
485 4301 520 4359 33
536 4319 595 4376 sqq.
