2828 4892
455 301 755 388 ·-u-.

110 498 200 564 thius
214 499 250 580 ²)
271 499 494 584 conjmturem
516 509 608 564 suurn
631 497 675 562 dc
695 497 778 564 Livii
799 497 977 566 Andronici
1001 491 1155 588 Odyssea

110 597 234 652 temere
268 593 462 666 conceptam
491 601 598 667 neque
628 581 696 647 ullo
727 582 791 648 ulio
822 599 1012 669 argumento
1035 589 1153 666 nisam,

110 672 175 736 nisi
215 670 304 756 qnod
341 667 453 752 plnres
484 667 518 732 in
551 667 623 757 ejus
661 668 810 756 reliquiis
849 691 966 736 versus
1000 671 1153 740 heroicos

108 775 294 840 agnoscere
307 755 369 822 sibi
383 753 566 833 videbatur,
582 755 624 818 dc
637 753 753 822 Naevii
775 777 905 841 quoqne
929 761 1071 824 carmine.
1093 781 1150 825 vn·

107 842 180 908 lere
201 841 282 919 vult,
309 841 396 925 quod
416 841 450 904 in
471 839 538 904 hcc
558 861 687 928 quoqne
709 861 827 910 uersus
849 843 974 908 heroici
996 855 1053 908 cut
1074 865 1152 910 con»

107 929 336 1012 spicioutnr2)
363 935 420 990 ant
450 923 548 990 facile
568 927 693 992 restitui
722 939 863 1010 possunt
877 929 923 1011 ³),
960 929 1027 994 hoc
1055 931 1152 996 etiarn

106 1016 142 1080 in
164 1013 241 1080 loco
268 1011 400 1080 fellitum
443 1010 535 1076 llaec
562 1023 671 1078 autern
701 1014 763 1076 riri
789 1013 878 1078 docti
898 1025 949 1078 cst
974 1016 1151 1080 sententia:

106 1098 254 1186 equidem
276 1099 403 1164 Liuium
424 1094 649 1162 Audrctu'c'um
677 1099 770 1164 inibo
796 1119 922 1164 euersum
947 1100 1152 1166 Homericum

105 1205 287 1270 usurpasse
307 1184 344 1248 'in
373 1184 530 1248 uuuuuu
558 1183 705 1270 Odyssea
733 1188 902 1269 suspicor,
932 1207 1006 1250 tuor:
1034 1194 1151 1266 utitem,

106 1277 175 1337 siue
204 1273 313 1356 operis
342 1269 542 1356 difficultate
570 1271 777 1348 deterritum,
801 1273 867 1336 sire
887 1272 1001 1356 plebis
1031 1273 1152 1337 Ruma—
1241 1293 1247 1311 ·

105 1379 224 1424 norum
247 1355 445 1421 alliciendue
462 1357 586 1442 pretia,
608 1377 691 1442 quae
709 1357 803 1440 plebs
823 1359 953 1437 rudior,
976 1367 1011 1422 ut
1035 1381 1075 1424 eu
1096 1381 1151 1424 ae·

106 1453 185 1524 tute,
207 1463 274 1508 nou
296 1441 449 1526 capiebat
465 1443 723 1530 perfectissimos
743 1463 904 1522 utumerm,
928 1445 1064 1509 annunlio
1085 1466 1150 1509 tuu-

106 1539 176 1596 lctc
197 1533 232 1594 iu
250 1551 297 1614 pc
323 1529 412 1594 uluri
434 1537 498 1593 tum
515 1549 636 1616 penore
654 1527 886 1595 Suturnu'cruur
907 1549 1056 1596 rasurum
1077 1531 1149 1596 sub-

105 1617 235 1682 stitisse.
310 1627 322 1678 t
345 1636 419 1678 cum
441 1635 558 1680 versus
583 1615 728 1681 Saturnii
748 1617 832 1680 adeo
862 1618 941 1700 vagi
973 1628 1006 1682 ct
1034 1638 1150 1702 parum

104 1703 168 1768 sibi
199 1711 389 1766 constantes
420 1712 551 1779 essent,
581 1711 616 1766 ut
647 1699 767 1766 Atilius
792 1701 1089 1788 Fortunaticnns4)
1111 1723 1154 1768 se

104 1791 161 1854 vix
193 1787 340 1852 invenire
372 1787 460 1868 apud
491 1785 648 1850 Naeuium
676 1808 795 1852 versus
830 1787 939 1866 dicat,
971 1810 1056 1874 quos
1087 1805 1149 1873 pro

104 1873 255 1958 exemplo
285 1892 408 1955 ponere
437 1869 555 1948 liceat,
584 1870 681 1935 facile
702 1871 772 1936 fieri
802 1873 926 1954 potuit,
949 1885 984 1937 ut
1005 1873 1149 1938 Saturuii

103 1979 223 2026 versus
256 1955 402 2022 nonnulli
440 1956 647 2020 heroicorum
679 1958 824 2040 speciem
855 1956 1034 2036 referrent,
1074 1978 1147 2042 spe·

104 2047 191 2112 ciem
219 2045 312 2120 dico,
347 2063 421 2108 curn
443 2062 557 2106 ornnes
578 2039 676 2107 facile
703 2041 736 2106 iu
757 2042 902 2106 Saturnii
933 2063 1051 2108 versus
1081 2063 1147 2108 me·

104 2143 190 2197 trum
211 2131 315 2212 redigi
335 2129 473 2211 possint.
485 2128 518 2210 ⁵)

160 2250 225 2314 ,ln
256 2247 493 2314 constituendis
520 2243 574 2310 his
602 2245 753 2309 versibus
781 2261 847 2308 non
871 2260 1011 2332 usercen,
1034 2263 1078 2312 uc
1099 2247 1147 2312 vi·

99 2345 256 2420 tuperent
276 2353 329 2396 me
349 2333 411 2396 viri
433 2331 540 2402 docti,
571 2331 658 2414 quod
680 2330 944 2415 Hermannuml)
971 2351 1068 2418 quern
1090 2332 1147 2398 dn·

96 2421 249 2486 umviros
269 2417 355 2498 illos,
372 2417 591 2481 Duentzerum
610 2415 845 2482 etLerschium
857 2417 902 2498 ⁷),
924 2419 1018 2504 sequi
1036 2417 1146 2485 malui.

98 2505 171 2570 Sed
200 2525 242 2569 ne
272 2502 479 2568 festinantius
508 2501 574 2567 hac
602 2503 634 2566 in
663 2521 703 2566 re
730 2501 833 2566 etad
863 2501 1146 2586 Pythagoreorum

97 2591 182 2656 illud
203 2588 310 2658 αὐτὸς
333 2589 407 2672 ἔφα
428 2607 529 2671 agere
558 2587 689 2666 videar,
725 2587 807 2651 sctis
835 2597 887 2650 est
911 2587 1081 2670 relegcsse
1102 2589 1146 2654 ad

100 2678 234 2742 doctum
263 2673 348 2738 illius
381 2673 457 2739 libri
488 2693 660 2738 censuram
689 2691 711 2737 a
742 2673 902 2736 Graucrto
918 2676 951 2756 ⁸)
983 2673 1145 2758 composi·

101 2773 179 2830 tam.
223 2760 338 2844 Neque
359 2758 473 2826 Odofr.
494 2757 645 2824 Muelleri
661 2761 693 2842 ⁹)
714 2761 808 2842 sequi
829 2756 919 2822 volui
942 2763 1146 2842 sententiam,

101 2848 159 2934 qui
179 2868 252 2912 eam
282 2847 345 2911 sibi
374 2843 483 2928 legem
511 2865 664 2909 versuum
693 2841 917 2909 Saturniorum
945 2843 1144 2922 informavit,

99 2945 156 3013 ut,
187 2933 338 3018 quamvis
361 2930 497 2995 schema
526 2931 569 2994 ab
597 2929 782 2994 Hermanno
814 2931 1016 3011 propositum
1047 2927 1145 3014 plane

92 3023 221 3106 justum
244 3019 377 3096 diceret,
394 3035 508 3080 omncs
523 3025 632 3080 tamen
645 3014 758 3079 theses
773 3015 932 3098 supprimi
945 3035 1047 3098 posse
1068 3035 1143 3082 cen·

99 3117 199 3172 seret.
231 3101 357 3168 Versus
379 3113 498 3178 autem,
522 3098 637 3185 quales
659 3099 837 3166 secundum
857 3096 965 3184 legem
986 3122 1079 3167 suurn
1101 3103 1144 3168 de

100 3191 189 3269 thesi
216 3189 383 3256 reticenda
413 3199 446 3252 et
468 3186 644 3252 omittenda
675 3185 807 3250 exhibet
835 3186 886 3250 vir
907 3187 1143 3256 desideratissi·

100 3298 194 3355 mus,
224 3297 297 3340 cum
325 3273 474 3340 versibus
497 3271 700 3358 jocularibus
723 3283 755 3336 et
776 3271 871 3356 poesi
897 3271 962 3338 ista
985 3273 1144 3340 culinaria

100 3361 244 3429 conferri
264 3371 412 3445 possunt.
445 3359 587 3424 Secutus
603 3369 710 3423 tamen
725 3356 918 3423 Muellerum
939 3369 990 3423 est
1004 3359 1141 3425 Schuet-

100 3453 183 3526 tius,
216 3449 270 3531 qui
305 3445 472 3530 copiosius
502 3445 544 3510 de
574 3464 691 3509 versus
724 3442 868 3509 saturnii
900 3443 1007 3510 forma
1040 3463 1141 3527 eupo-¹

99 3535 249 3615 snit10),
280 3533 377 3616 idque
406 3532 473 3610 ita,
503 3529 726 3614 utprimnm,
762 3549 847 3616 qnae
864 3530 922 3594 ab
955 3527 1141 3592 Hermanno

99 3621 223 3706 optime
244 3619 410 3702 disputata
432 3627 542 3694 eraut,
571 3625 752 3701 repeteret,
781 3625 867 3694 turn,
896 3613 1036 3700 probata
1061 3613 1141 3680 Her·

97 3705 211 3772 manni
231 3705 411 3782 sententia,
434 3703 475 3767 de
497 3701 656 3781 licentiis,
686 3700 802 3786 quibus
824 3699 891 3764 hoo
912 3699 946 3762 in
967 3713 1066 3766 versu
1093 3701 1141 3768 uti

98 3791 240 3870 benerit,
263 3790 388 3856 diceret
408 3799 441 3854 et
461 3785 612 3872 exempla
632 3805 787 3854 versuum
807 3784 953 3852 adderet·
995 3785 1064 3854 Sed
1083 3789 1140 3884 b'ef

169 4038 198 4108 ι)
209 4037 404 4110 framea).
418 4031 512 4086 naun.
522 4045 591 4104 pap.
604 4031 645 4085 rs.
697 4027 727 4101 t)
739 4024 846 4104 suaque
855 4025 939 4089 vnn.
989 4019 1138 4108 aifrapm
1241 4057 1247 4072 ι

97 4124 120 4180 1.
136 4121 164 4177 2
180 4121 226 4176 ΙΙΙ.
236 4121 260 4174 1.
295 4123 326 4192 4)
345 4118 392 4174 dl.
426 4117 455 4184 5)
472 4114 492 4169 l.
508 4114 529 4169 l.
563 4114 592 4182 b)
611 4112 750 4170 Element.
762 4131 835 4188 pap.
856 4113 915 4172 606.
949 4117 978 4186 7)
997 4119 1033 4174 de
1055 4137 1139 4178 uersu

96 4225 183 4281 queem
198 4213 301 4260 aucant
320 4203 468 4260 Saturnio.
504 4199 624 4254 Bonane
642 4197 716 4254 1839.
767 4200 796 4267 8>
811 4200 829 4254 l.
847 4199 867 4255 l.
918 4199 947 4286 9)
963 4202 1004 4256 ad
1021 4201 1138 4261 Festum
1222 4269 1224 4280 Ι

90 4310 166 4366 paq.
184 4290 243 4344 snt.
298 4289 343 4359 10)
356 4307 426 4364 puy.
445 4287 480 4341 48
496 4301 555 4358 sqq.

858 4379 879 4442 3
