2828 4892
651 275 900 352 ..pg-

247 454 383 544 Berglrii
399 455 433 543 ¹)
453 455 641 544 explicatio,
667 458 723 546 qui
743 477 787 524 ex
807 456 918 544 templi
938 459 1143 546 Agrigentini
1166 463 1293 534 deseri·

247 543 358 628 ptione
392 542 457 610 hos
494 565 610 612 versus
648 545 838 629 depromtcs
875 565 951 612 esse
987 549 1131 614 statuit·
1169 551 1214 616 At
1254 553 1290 618 iu

246 628 352 714 primo
374 631 527 697 carminis
548 632 632 698 libro
662 651 722 696 eos
751 631 880 716 positos
900 631 1003 698 fuisse
1023 631 1154 701 disertis
1174 639 1290 704 verbis

247 715 437 782 Priscianus
470 716 618 784 affirmat.
660 718 776 802 Neque
804 716 905 782 ullam
925 717 1021 784 video
1042 741 1195 803 causam,
1225 744 1289 789 cur

246 819 267 865 e
288 803 393 886 primo
414 803 498 871 libro
522 804 671 892 ejiciendi
692 806 775 882 sint3
803 804 900 868 immo
930 802 1019 869 nullo
1042 804 1116 872 loco
1138 809 1287 891 aptiores

246 899 335 966 sunt,
358 909 455 974 quam
476 911 528 970 eo,
549 913 614 978 qno
629 891 770 972 Aeneas,
791 889 938 955 litoribus
956 889 1090 975 Libycis
1111 913 1183 956 cum
1206 897 1289 961 navi

246 993 309 1040 sua
329 975 503 1060 appulsus,
521 977 554 1042 in
573 975 693 1060 templo
706 974 844 1040 Jnnonis
856 977 888 1059 ²)
908 976 1043 1041 miratur
1064 979 1217 1064 quidquid
1237 981 1288 1046 ibi

245 1059 430 1128 tabularum
443 1073 708 1146 suspensuruest.
732 1062 804 1135 Quo
815 1063 921 1126 minus
932 1063 1100 1128 enimcum
1111 1063 1286 1149 Spargen-

244 1147 359 1230 bergio
372 1160 404 1213 et
412 1147 580 1213 Schuettio
592 1147 693 1214 classi
702 1145 755 1212 vel
763 1159 856 1212 scuto
866 1145 951 1213 haec
959 1149 1221 1232 signairnpressa
1231 1151 1285 1218 fu·

243 1233 313 1298 isse
335 1245 503 1316 putemus,
526 1235 621 1318 ipsae
643 1255 745 1300 voces
765 1235 896 1298 inerant
916 1254 1073 1318 expresso
1092 1235 1287 1320 impediunt,

245 1339 330 1402 quae
345 1319 504 1403 imagines
520 1319 583 1384 has
599 1322 635 1384 in
650 1321 800 1397 navibus,
817 1339 882 1382 non
901 1321 947 1384 od
969 1341 1073 1384 naves
1087 1319 1204 1388 affixos
1226 1324 1285 1390 vel

245 1406 398 1490 appictas
420 1405 575 1471 indicant.
619 1406 712 1480 Quae
733 1405 763 1470 si
792 1406 897 1469 minus
920 1406 967 1470 ita
988 1417 1120 1486 essent,
1148 1429 1208 1492 per
1230 1430 1287 1476 me

244 1488 375 1569 liceret,
405 1503 440 1556 nt
462 1493 556 1576 signa
577 1492 712 1558 Aeneae
733 1493 882 1573 navibus,
903 1512 969 1557 non
993 1507 1098 1556 tamen
1120 1493 1286 1562 Romanis

243 1575 406 1660 impressa
433 1577 698 1662 intelligerentur.
742 1577 808 1640 Sed
839 1575 927 1640 illam
955 1596 1059 1642 meam
1089 1579 1283 1664 interpreta-

244 1661 365 1728 tionem
398 1665 628 1730 oommendare
659 1661 694 1728 id
726 1665 828 1728 etiam
844 1663 988 1744 videtur,
1017 1664 1103 1747 quod
1125 1665 1285 1749 Virgilius

243 1748 406 1833 permulta
427 1749 580 1816 eNaevii
600 1750 797 1816 carminibus
818 1750 975 1814 sumsisse
996 1749 1239 1834 perhibetur³).

329 1859 424 1934 Quae
446 1860 486 1924 de
504 1859 704 1940 Atlantibus,
726 1881 808 1944 quos
829 1861 892 1924 nisi
913 1861 946 1924 in
968 1859 1034 1925 hoc
1048 1860 1165 1927 Naevii
1185 1883 1286 1931 versu

242 1963 309 2010 non
332 1967 519 2024 cucumere,
537 1948 635 2012 immo
661 1945 794 2013 eosdem
817 1967 889 2011 curn
914 1947 1108 2031 Gigantibus
1131 1968 1206 2014 esse
1225 1952 1286 2014 ad·

241 2040 353 2111 notat,
386 2033 675 2117 spangenbergius
708 2033 849 2110 monuit,
880 2053 946 2097 non
974 2053 1144 2118 assequor.
1202 2035 1287 2110 Quis

242 2119 330 2185 enim
359 2119 401 2183 de
429 2118 616 2185 Atlantibus
645 2118 800 2185 fratribus
829 2139 971 2203 unquam
1001 2119 1184 2203 cogitavit?
1231 2122 1286 2188 De

241 2206 449 2288 imaginibus,
470 2218 506 2271 ut
527 2216 560 2270 et
580 2208 652 2289 ipse
674 2205 962 2292 spangenbergius
983 2203 1093 2272 locum
1112 2205 1284 2287 intellexit,

241 2300 344 2376 poeta
373 2291 479 2368 canit,
506 2291 541 2356 in
571 2292 689 2376 quibus
719 2313 793 2357 curn
822 2288 1017 2373 compluries
1044 2291 1162 2374 ingens
1186 2292 1287 2360 Atlas

242 2395 423 2460 expressus
451 2383 559 2452 esset,
589 2376 699 2460 magni
728 2377 823 2440 etiam
851 2375 1003 2442 Atlantes
1022 2397 1045 2442 a
1064 2377 1188 2443 Naevio
1215 2401 1286 2444 me·

150 2503 152 2508 -
244 2472 424 2526 morantur.
482 2459 551 2526 Sed
583 2481 647 2544 quo
682 2459 818 2526 consilio
850 2481 904 2524 res
935 2483 956 2526 a
988 2473 1087 2545 poeta
1117 2462 1193 2529 ficta
1224 2466 1283 2541 sit,

129 2567 131 2574 '
244 2545 359 2633 quaeri
379 2554 500 2630 potest.
543 2544 578 2609 ln
601 2556 728 2629 promtu
750 2556 811 2625 est,
823 2548 919 2633 ·quod
941 2549 1166 2631 respondeam.
1202 2549 1285 2618 luno

242 2634 330 2699 enim
362 2633 448 2717 quod
474 2631 673 2715 Carthagine
701 2633 857 2718 imprimis
880 2630 1058 2713 colebatur,
1088 2635 1207 2719 depicti
1228 2636 1285 2704 vel

241 2717 395 2801 expressi
423 2718 458 2781 in
488 2719 560 2802 ejus
589 2718 710 2804 templo
742 2719 849 2784 Titani
871 2730 903 2783 et
927 2717 1086 2802 Gigantes
1106 2732 1211 2800 erant,
1233 2734 1283 2788 nt·

240 2813 321 2890 pote
349 2803 437 2868 lovis
465 2801 671 2888 Deorumque
697 2803 835 2886 hostes3
865 2823 907 2868 ex
933 2803 999 2868 illis
1025 2817 1135 2872 autem
1166 2807 1283 2874 Atlan-

240 2901 307 2954 tem
321 2889 374 2974 4),
409 2909 451 2953 ex
481 2887 534 2954 his
567 2889 738 2956 Runchum
772 2891 981 2972 (Rhoetum)
1015 2902 1048 2958 et
1080 2892 1283 2979 Purpureum

242 2975 530 3064 (Porphyrionern)
559 2987 682 3044 tantum
703 2975 825 3043 laudat.

514 3226 724 3320 'Fragmenta
749 3227 819 3297 libri
849 3227 989 3297 secundi.

750 3388 781 3454 1.

325 3507 461 3576 Servius
474 3510 505 3594 ⁶)
528 3505 622 3594 crp'os
640 3507 734 3594 filiae
750 3509 879 3598 fuerint
901 3511 1001 3576 Anno
1020 3518 1053 3578 et
1074 3509 1165 3577 Dido
1190 3509 1281 3582 Noe·

239 3596 315 3662 otus.
332 3596 416 3663 dicit
437 3596 501 3680 (sc.
521 3595 715 3678 Agenoris).
885 3671 892 3681 ⁹

239 3679 397 3852 micalli?
425 3683 522 3750 etiam
551 3682 767 3767 fragmentum
795 3679 840 3746 ad
870 3682 1060 3751 comoedias
1088 3681 1188 3750 refert
1215 3683 1281 3748 Bc·

240 3923 449 3940 m

170 4052 174 4056 -
251 4033 255 4044 ·
307 4013 337 4080 1)
363 4010 503 4067 zeitschr.
526 4014 578 4084 fiir
600 4009 723 4070 Altertlr.
750 4010 824 4068 1842.
851 4028 920 4088 paq.
940 4012 986 4070 191
1003 4029 1062 4088 sqq.
1115 4011 1147 4086 2)
1179 4012 1280 4090 Vtrprt.

238 4094 308 4152 Aen.
323 4095 343 4151 l.
356 4096 412 4152 'tto
428 4113 488 4167 sqq.
540 4096 568 4165 3)
586 4097 684 4170 Lanpe
697 4097 800 4153 otndtc.
815 4113 885 4170 pop.
904 4099 956 4163 33,ο
972 4097 1082 4173 fragm·
1098 4099 1165 4156 libr.
1182 4099 1194 4156 l
1209 4109 1237 4156 et
1244 4099 1280 4157 ll.

238 4181 268 4248 t)
285 4179 413 4252 Aeschpl.
438 4179 538 4236 Prota
556 4179 617 4236 425.
643 4182 687 4236 ed.
710 4178 791 4238 Watt.
848 4184 881 4255 5)
907 4185 948 4240 ad
977 4185 1073 4261 Vri-pet.
1099 4187 1169 4243 Aen.
1185 4185 1233 4242 lv.
1251 4185 1282 4243 0.

238 4264 270 4336 ti)
286 4261 395 4339 fragm.
413 4280 486 4320 omn.
505 4282 579 4340 pap.
593 4265 636 4322 26.
