2828 4892
660 235 885 306 ..2-

257 413 307 476 dis
329 397 484 496 pollicem
509 413 681 494 rodentes,
709 412 771 478 sed
799 414 872 498 qul,
904 413 992 478 vitae
1020 411 1174 496 publicae
1204 415 1301 480 undis

255 511 288 562 et
317 497 471 563 lluctibus
503 500 713 585 conquassati
742 510 776 564 et
806 497 925 564 bellica
954 498 1051 563 laude
1081 499 1150 564 lere
1180 503 1302 577 onusti,

256 585 342 668 quod
372 585 575 659 sentiebant,
603 585 635 648 id
666 605 732 649 uon
763 584 918 668 temporis
950 583 1085 649 fallendi
1115 597 1172 650 eut
1202 587 1301 670 impe

254 671 376 734 ratoris
396 670 642 734 Maecenatisve
671 691 770 734 aures
799 669 962 734 uurlceudi
985 691 1107 749 causa,
1133 692 1246 734 verum
1269 673 1302 734 iu

259 777 351 819 usum
374 767 405 818 et
434 753 562 818 laudem
586 753 785 838 reipublicae
814 753 916 819 literis
946 755 1140 830 credebant;
1172 757 1304 840 quiea,

257 862 342 924 quae
366 852 630 922 composuerant,
652 863 718 905 uon
742 842 947 918 emittebant,
981 841 1068 924 quod
1099 840 1232 925 placere
1263 861 1305 906 ea

257 938 290 988 et
312 924 493 989 collaudari
516 927 668 1010 quodque
688 928 728 990 iis
750 925 845 990 evehi
870 938 902 990 et
925 927 1068 1009 praediis
1099 928 1213 990 donari
1236 926 1303 990 vel-

256 1010 342 1084 lent,
365 1013 445 1087 sed,
476 1013 572 1075 modo
594 1011 686 1076 utilia
717 1010 917 1095 reipublicae
948 1012 1150 1091 viderentur,
1173 1033 1214 1075 ue
1236 1024 1304 1075 tum

257 1097 386 1181 quidem
416 1098 448 1158 iu
475 1097 609 1161 scriniis
638 1099 847 1181 premebant,
879 1118 952 1160 cum
983 1098 1175 1161 emissorum
1193 1095 1304 1161 xlibro·

255 1203 327 1246 rmu
350 1201 459 1264 poerm
488 1184 659 1266 proposita
691 1194 803 1247 essent
830 1183 974 1246 carceris
1003 1180 1135 1246 vincula
1159 1182 1307 1246 exilium·

257 1287 308 1330 ve.
353 1269 477 1351 ltaque,
501 1289 574 1331 cum
597 1267 675 1332 illud
697 1269 827 1332 minime
849 1267 962 1350 negari
986 1265 1104 1346 liceat,
1132 1267 1304 1332 Ciceronis

256 1352 346 1416 illam
371 1363 410 1416 ,et
432 1351 560 1435 Virgilii
588 1365 730 1418 aetatem
759 1375 890 1418 aureum
922 1373 998 1416 esse
1029 1351 1160 1436 linguae
1181 1353 1304 1418 Ruma-

224 1507 228 1519 1
257 1459 321 1514 uae
343 1436 530 1516 saeculum,
561 1438 626 1506 boc
657 1450 764 1504 tamen
794 1440 872 1524 quin
901 1437 1066 1502 mordicus
1095 1449 1229 1502 teneam·
1255 1437 1304 1504 la·

258 1543 334 1588 cere
357 1545 422 1591 uon
448 1545 595 1606 possum,
617 1535 652 1588 ut
673 1525 794 1608 ingenii
817 1523 976 1599 Bouiani,
1003 1525 1049 1587 ita
1072 1527 1169 1590 etiam
1192 1525 1306 1606 poesis

258 1609 466 1694 gravitatem
483 1621 515 1672 et
544 1612 717 1693 ingenuam
748 1621 896 1674 naturam
926 1607 1003 1674 belli
1027 1609 1141 1674 Punici
1169 1610 1308 1674 secundi

258 1696 460 1777 temporibus
481 1695 642 1760 floruisse.
686 1692 768 1758 Nam
788 1695 911 1760 Ennius
939 1693 1013 1773 ille,
1047 1697 1089 1759 ad
1121 1716 1215 1780 quem
1239 1695 1305 1760 Ro·

258 1785 426 1844 manarbm
466 1779 628 1846 literarum
667 1782 790 1846 initium
827 1781 950 1854 referre
982 1779 1091 1846 solent
1120 1782 1307 1867 quicunque

258 1863 440 1948 elegantem
462 1867 685 1934 Romanorum
699 1880 878 1951 poetarum
901 1867 1073 1933 dictionem
1097 1867 1252 1938 adamant
1273 1877 1308 1934 et

257 1952 451 2034 suspiciunt,
475 1953 547 2036 ipse
570 1952 624 2016 ille
645 1953 768 2018 Ennius
789 1953 903 2037 poesin
925 1973 1002 2016 rere
1025 1952 1208 2030 Romanam
1232 1973 1306 2038 per·

259 2037 347 2100 didit.
393 2039 523 2122 Quippe
548 2049 625 2103 aute
646 2038 772 2106 Livium
797 2049 829 2103 et
850 2033 1009 2103 Naevium
1040 2035 1140 2102 multa
1157 2038 1229 2122 jam
1251 2058 1306 2100 ex·

259 2123 387 2189 stitisse
413 2123 582 2190 Romanae
611 2125 724 2206 poesis
754 2125 954 2208 specimina,
984 2135 1060 2206 post
1092 2123 1207 2187 doctas
1229 2123 1307 2188 Nie-

258 2207 377 2285 bulnii,
400 2209 493 2274 Zellii
507 2215 537 2290 ¹)
560 2221 592 2272 et
614 2209 788 2288 ‘Krausii²)
811 2210 1035 2292 expositiones
1064 2229 1159 2272 nemo
1191 2209 1224 2274 in
1248 2209 1305 2273 du·

258 2292 346 2356 bium
368 2295 517 2368 vocabit,
542 2298 736 2379 quamquam
759 2295 945 2376 cupidiores
968 2315 1044 2362 esse
1067 2295 1228 2382 videntur,
1250 2295 1307 2378 qui

254 2377 379 2462 justum
410 2376 572 2464 quoddam
603 2399 686 2462 epos
713 2380 753 2444 iis
770 2381 841 2466 jam
864 2381 1064 2462 temporibus
1090 2379 1193 2444 fuisse
1214 2401 1307 2444 asse·

259 2463 429 2548 reram).
466 2461 541 2528 Noli
562 2484 641 2529 vero
662 2485 715 2543 ea,
731 2469 816 2548 quae
832 2465 872 2528 de
892 2463 994 2528 Ennio
1017 2463 1159 2548 professi
1182 2484 1309 2548 sumuS,

259 2549 305 2612 ita
328 2548 415 2616 dicta
437 2559 571 2633 putare,
595 2561 631 2614 ut
653 2553 803 2633 poetam,
826 2551 979 2636 quidquid
1002 2549 1217 2615 Romanis'iu
1239 2549 1307 2616 hue

259 2631 425 2698 literarum
457 2653 578 2716 genere
610 2635 671 2700 fuit
704 2655 804 2719 grave
837 2648 869 2700 et
900 2656 1051 2719 magnum
1063 2683 1076 2714 ,
1107 2637 1139 2700 id
1173 2637 1305 2712 omuino

259 2719 419 2782 evertisse
437 2721 690 2802 contendamus3
712 2720 820 2788 sedin
837 2723 932 2792 novis
952 2733 984 2786 et
1007 2723 1150 2786 externis
1169 2721 1308 2788 infereu-

260 2803 329 2881 dis,
359 2825 557 2870 summorum
587 2807 729 2870 virorum
746 2805 895 2872 humeris
918 2809 1026 2891 uisus,
1057 2807 1090 2870 id
1114 2807 1243 2886 effecit,
1271 2817 1308 2874 ut

259 2899 337 2974 post
366 2889 538 2972 expulsam
576 2901 802 2978 mortuumque
835 2914 1015 2971 summum,
1049 2893 1090 2956 de
1123 2915 1188 2978 quo
1222 2893 1309 2960 iufra

259 2985 392 3062 agetur,
423 2977 527 3042 virum
556 2997 633 3041 vere
655 2977 857 3056 Romanum,
889 2979 943 3062 qui
966 2997 1050 3044 unus
1072 2989 1183 3056 tanto,
1206 3001 1307 3064 quau·

258 3071 293 3125 to
323 3059 447 3124 Eunias
475 3073 566 3140 erat,
594 3063 724 3145 iugenio
762 3085 826 3148 pan
852 3075 960 3142 esset,
991 3065 1176 3150 quicunque
1204 3063 1309 3134 obniti

258 3151 324 3210 riou
347 3157 488 3230 poterat,
510 3149 574 3212 uno
597 3149 740 3214 fortasse
762 3146 890 3216 Lucilio
912 3162 1072 3236 excepto,
1096 3149 1205 3216 colere
1226 3149 1307 3217 ural-

259 3228 317 3308 let,
346 3251 432 3314 quae
451 3231 526 3298 iude
554 3235 596 3298 ab
618 3232 723 3300 Ennio
746 3233 934 3318 a‘plurlmis
963 3235 1066 3300 autari
1098 3235 1313 3325 intelligeret,

259 3337 357 3466 ptam
379 3317 422 3382 ad
444 3337 484 3386 ea
506 3319 696 3406 recurrere,
727 3340 815 3404 quae
841 3341 902 3403 pro
933 3319 1066 3386 abolitis
1096 3317 1305 3387 haberentur.

292 3401 410 3468 renim
434 3414 511 3488 post
533 3403 654 3473 linitum
686 3405 802 3488 ingens
832 3404 912 3470 illud
943 3405 1063 3472 bellum
1085 3407 1236 3476 Romana
1259 3404 1311 3472 iu·'

259 3488 356 3572 genia
378 3489 421 3558 ad
443 3501 595 3556 externos
616 3512 725 3560 orares
748 3491 964 3572 deliniebant,
989 3489 1210 3578 elegantiores
1232 3491 1310 3568 illos

259 3580 293 3638 et
316 3575 525 3653 urbaniores,
557 3575 616 3640 sed
647 3575 834 3646 luxuriosos
857 3587 889 3642 et
911 3577 1046 3658 molles,
1070 3579 1122 3656 ¹ita
1151 3587 1310 3645 externae

259 3655 357 3756 sliam
379 3655 493 3734 literae·
516 3661 696 3756 irruerunt,
727 3681 835 3752 quae,
863 3663 1079 3760 perfectiores
1107 3661 1180 3733 siue
1209 3663 1310 3756 dubio

259 3811 466 3848 a--ss-a..

329 3935 356 4005 Ι)
376 3933 629 4011 Ferierurcbriften,
647 3945 744 3998 swelle
754 3941 1005 4014 Sammlanfflpay·
1015 3941 1057 3997 llll·
1067 3960 1125 4014 sqq·
1158 3941 1190 4012 2)
1203 3941 1308 3999 RM-

258 4015 566 4093 theratarpercbtcbte
577 4041 649 4096 pap.
661 4027 704 4081 33.
718 4045 777 4100 epp.
818 4023 859 4099 ’3)
879 4028 971 4101 Repe!
993 4029 1094 4084 diam.
1117 4025 1154 4080 de
1174 4045 1207 4081 re
1229 4031 1310 4098 trup-

258 4105 456 4247 ἕνωέτέωιωι
474 4105 592 4176 juditta
605 4126 685 4183 pap..
701 4113 740 4168 ta
785 4111 984 4170 §marture
1011 4113 1061 4170 (lu.
1085 4113 1195 4170 uum
1217 4119 1310 4186 poeta

279 4209 323 4266 ap.
378 4211 463 4265 app.
