2782 4894
670 305 917 379 450³-

259 483 439 555 ''lllerulam
458 475 555 553 ‘re‘cte
587 497 720 552 secutus
758 481 965 554 Hermannus
1001 485 1104 552 verba
1137 483 1196 554 illa
1223 489 1321 567 ¹inter

282 575 364 640 duos
386 573 496 639 divisit
516 591 641 640 versus.
664 569 854 638 'Praeierat
877 573 1074 652 Priscianus,
1101 573 1155 658 qui
1177 574 1320 640 mediam

283 661 375 725 vocis
396 663 529 746 quietem
549 657 711 744 syllabam
731 660 864 746 brevem
885 658 951 723 hoc
981 658 1054 724 loeo
1077 655 1153 723 esse'
1183 659 1319 726 dixerat.

281 746 431 814 Ceterum
453 765 631 833 pronomen
652 744 722 829 ojus
743 743 1003 830 monosyllabum
1032 755 1083 809 est
1097 748 1140 825 ¹).

365 865 461 940 Dicta
486 863 572 932 baec
600 873 675 930 sunt
699 865 744 928 de
771 863 905 944 Aenea,
934 859 975 928 de
999 885 1064 948 quo
1086 873 1197 948 poeta,
1221 861 1320 928 tertia

281 971 411 1035 semper
425 972 504 1015 usus
519 969 672 1034 persona,
689 961 809 1028 namet,
832 951 898 1036 qui,
913 949 1009 1015 victis
1024 949 1148 1034 proelio
1165 947 1318 1016 hostibus

259 1038 350 1104 ¹suis
372 1039 421 1116 de,
434 1036 525 1102 ltalia
547 1037 741 1120 occupanda
769 1037 913 1119 cogitare
934 1048 1070 1119 poterat.
1114 1035 1164 1099 De
1185 1036 1316 1100 Didone

256 1155 267 1174 ·-
282 1144 416 1204 secura,
443 1131 615 1205 postquam
641 1121 751 1187 fratris
777 1143 892 1187 manus
920 1122 1080 1206 effugiens
1106 1119 1139 1185 in
1167 1119 1317 1186 litoribus

280 1207 413 1293 Lybicis
443 1208 648 1284 substiterat,
670 1229 711 1270 ne
736 1209 936 1289 cogitemus,
966 1219 1073 1288 vetat,
1096 1207 1127 1271 ni
1148 1205 1250 1294 fallpr
1272 1207 1317 1288 id,

174 1301 183 1322 ⁸
281 1295 367 1378 quod
389 1313 429 1357 ea
451 1293 492 1356 de
514 1313 552 1356 se
573 1303 606 1356 et
629 1294 669 1357 de
693 1293 863 1359 condenda
885 1297 963 1358 urbe
985 1315 1045 1358 sua
1074 1295 1148 1378 ipsa
1177 1314 1317 1358 narrans

279 1382 417 1458 inducta,
443 1398 519 1458 esse
546 1378 682 1442 videtur.
726 1379 821 1452 Quod
854 1382 883 1444 si
912 1381 1017 1460 minus
1045 1380 1090 1443 ita
1111 1379 1246 1456 suisset,
1270 1380 1316 1442 ni·

261 1468 376 1532 niam
397 1463 671 1529 sibi'in'dulsisset
679 1463 843 1530 licentiam
862 1471 969 1549 podia.
1004 1463 1191 1530 Schuettius
1203 1485 1315 1551 quam·

278 1555 331 1616 vis
366 1551 439 1616 libri
474 1569 657 1632 numerum,
688 1550 743 1636 qui
775 1551 863 1634 apud
901 1551 1104 1618 Priscianum
1140 1551 1315 1629 invenitur,

277 1637 378 1723 Plane
393 1638 517 1722 justum
538 1634 863 1716 dicat'uihilominus
891 1647 997 1707 tamen
1022 1638 1127 1720 ipsum
1150 1636 1313 1720 fragmen·

263 1737 346 1803 „tum
367 1722 401 1786 in
428 1724 565 1805 primum
593 1721 710 1795 librum
738 1721 844 1788 insert.
887 1722 1174 1806 Spangenbergius
1203 1732 1313 1787 autem

262 1819 406 1884 mutato.
425 1807 507 1872 ‚iibri
542 1829 695 1885 numero,
735 1807 778 1872 ad
811 1819 965 1894 quartum,
997 1807 1114 1875 librum
1152 1808 1314 1890 pertinere

258 1895 467 1974 arbitratus,
496 1893 538 1958 ad
562 1892 722 1976 Regulum
751 1894 872 1976 respici
901 1904 1010 1977 putat,
1038 1894 1092 1978 qui
1122 1892 1312 1977 Xanthippo

275 1980 546 2060 Lacedaemonio,
568 1979 749 2042 Poenorum
771 1979 857 2058 duci,
878 1980 1041 2046 intimidus
1056 1979 1247 2059 occurrerit,
1262 1979 1311 2044 ui·

274 2067 373 2144 mium
394 2064 545 2131 fortunae
564 2083 648 2144 suae
669 2062 822 2132 confisus

675 2195 810 2264 ·⁷.

357 2283 466 2385 Varro
482 2321 536 2402 ²):
572 2317 765 2382 Acerttinurn
801 2319 928 2406 aliquot
964 2315 1005 2384 de
1041 2293 1164 2385 cauus
1186 2319 1310 2398 dicunt,

280 2403 424 2469 Naevius
444 2403 486 2468 ab
507 2403 631 2482 avidos,
653 2401 741 2488 quod
761 2425 799 2469 eo
819 2426 854 2470 se
874 2401 916 2470 ob
943 2400 1202 2496 Tibetisetnent
1222 2427 1310 2470 oues.

1382 265 1383 282 l

1381 297 1383 328 l

1382 339 1383 380 l

356 2521 451 2587 Hanc
473 2523 579 2605 etiam,
602 2525 749 2608 quamvis
771 2523 857 2590 baud
881 2524 1177 2604 commendabilem,
1198 2524 1309 2589 Aven·
1381 2575 1382 2616 3

272 2608 329 2672 tini
337 2607 586 2774 οἵθξξιηοίοςίειηι
616 2609 773 2694 Virgilius
801 2622 934 2678 secutus
965 2622 1033 2694 est,
1062 2612 1117 2696 qui
1137 2614 1184 2680 ita
1205 2611 1247 2676 de
1268 2631 1309 2678 eo

273 2714 346 2760 cam
418 2716 427 2758 ι

400 2816 533 2915 dirarum
555 2818 633 2878 nidis
656 2818 762 2879 domus
785 2825 958 2898 opportuna
981 2777 1198 2897 voluerum4)·¹

264 2931 465 2998 'Aventinum
486 2944 593 2996 autem
622 2943 780 3010 montem,
811 2934 930 3019 quippe
959 2937 1012 3020 qui
1034 2955 1140 3023 neque
1161 2935 1194 2998 in
1216 2931 1306 2997 urbis
1380 2927 1381 2930 ’

270 3018 476 3102 pomoerium
496 3029 648 3102 receptos
670 3029 702 3083 et
723 3015 896 3084 admodum
926 3023 1092 3086 saltuosus
1119 3022 1305 3087 arboribus

269 3123 332 3186 que
363 3103 490 3166 obsitus
518 3115 606 3170 esset
636 3116 670 3169 et
700 3106 743 3170 ad
776 3106 916 3172 Tiberim
950 3109 1156 3184 decurreret,
1188 3107 1305 3172 avibus

267 3207 348 3272 prae
370 3188 488 3252 ceteris
509 3203 635 3272 septem
654 3192 819 3258 ruentibus
848 3193 1010 3260 seatuisse
1038 3191 1213 3258 verisimile
1242 3203 1303 3256 est.
1379 3257 1380 3268 ,

350 3303 450 3389 Apud
472 3306 623 3374 Bothium
650 3308 717 3375 hoe
743 3310 959 3396 fragmentum
987 3313 1071 3378 iuter
1100 3313 1228 3380 aornim
1252 3331 1303 3378 re—

266 3402 417 3494 censetur
428 3395 470 3473 ⁵).

767 3512 798 3580 8.

171 3633 173 3640 ι
258 3591 305 3692 '⁸
347 3595 518 3718 firme),
541 3589 673 3704 eoadem
693 3627 778 3699 darno
799 3607 904 3700 locam
924 3625 1116 3718 (Palatium)
1139 3653 1162 3700 o
1179 3653 1303 3719 pecore

261 3716 381 3780 dictum
407 3726 527 3799 patant
554 3719 703 3804 qudam,
736 3723 846 3807 itaque
871 3722 1024 3806 ,aiamim
1053 3719 1302 3788 Balentium
1375 3787 1378 3798 ,

258 3803 416 3888 appellat.
1091 3891 1106 3932 ἱ

256 3941 549 4064 manli
567 3993 604 4049 de
618 3971 714 4051 'aetem
730 3993 798 4070 lina.
821 3974 949 4055 banada
960 3997 1102 4070 prosodia
1116 4016 1186 4072 pap.
1211 3997 1300 4054 XXV.

253 4073 397 4153 'lineatam
413 4085 442 4133 et
459 4075 564 4131 aaron
589 4079 608 4133 Ι.
626 4081 645 4134 l.
662 4099 731 4156 pap.
754 4083 810 4138 ³2¹
854 4085 886 4154 2)
905 4084 941 4137 de
969 4081 1039 4153 llap.
1061 4079 1131 4136 Lat.
1155 4100 1229 4154 pap.
1257 4080 1294 4137 to

253 4161 362 4238 Spunp.
396 4162 424 4233 ³)
443 4162 512 4217 Aen.
530 4159 600 4217 Vlll.
616 4165 677 4220 235.
712 4168 788 4237 ttcf.
809 4166 926 4223 Seruius
942 4165 985 4228 od
1007 4166 1075 4221 Aen.
1094 4159 1153 4222 Vll.
1171 4167 1231 4224 657:
1267 4171 1296 4234 5)
1376 4177 1377 4187 ’

248 4245 358 4321 fram.
389 4249 489 4304 comte.
516 4262 586 4320 pop.
618 4249 661 4306 26.
725 4253 754 4320 6)
771 4255 808 4308 da
832 4255 903 4327 ltnp.
928 4253 996 4317 Lat,
1019 4266 1089 4326 paq.
1115 4253 1158 4308 59.
1186 4247 1295 4328 §paup
