2828 4892
643 303 893 378 ...43...

249 506 314 553 acu
340 506 407 553 uon
439 485 559 570 tangit3
597 505 672 548 nam
703 482 798 551 Ennii
830 503 946 549 nomen
978 481 1104 552 Naevio
1139 490 1291 571 ignotum

248 572 380 638 omnino
400 571 470 655 fuit,
490 593 563 636 oum
584 581 662 654 post
682 571 756 656 ejus
776 570 902 634 deinum
923 579 1059 636 mortem
1076 574 1205 639 Ennius
1219 573 1290 643 Ro-

247 677 333 724 mam
363 657 489 722 viderit.
543 656 695 722 Cetemm
725 652 853 720 Merula
883 677 906 748 e,
935 661 1124 743 conjectura
1158 661 1290 730 Aeneas

248 765 313 830 quo
339 752 459 829 pacto,
488 763 586 828 quam
613 741 786 806 lectionem
815 753 1030 826 susceperunt
1055 743 1289 830 spangenber.

248 831 321 913 gius
349 841 382 895 et
408 828 615 906 Schuettius,
650 828 767 912 injuria
795 829 829 892 ni
860 827 978 906 i'alior,
1011 847 1084 895 cunr
1117 831 1289 902 Cari-ionis

246 915 421 982 lectionem
442 914 515 980 libri
536 915 748 998 manuscripti
768 916 947 978 auctoritas
968 925 1106 980 tueatur.
1227 986 1233 994 ,

331 1036 385 1103 Ad
404 1035 557 1102 Latinum
580 1043 636 1099 aut
656 1029 842 1098 Evandrum
863 1033 947 1098 haec
969 1047 1120 1118 spectare
1143 1031 1287 1106 lilanse-

247 1123 322 1188 nius
336 1125 368 1207 ¹)
389 1131 482 1206 putat
504 1129 679 1184 annotante
691 1118 872 1184 Schuettio.
900 1121 987 1184 ldem
1003 1133 1054 1186 est
1069 1142 1161 1204 error
1178 1125 1286 1210 Span-

247 1207 434 1292 genbcrgii,
463 1205 536 1290 qui,
565 1226 639 1270 cum
659 1205 743 1269 inter
763 1206 900 1271 Aenean
929 1219 962 1270 et
981 1206 1139 1272 Didonem
1162 1213 1289 1280 nullum

248 1291 476 1362 commercium
508 1290 611 1356 fuisse
643 1301 782 1371 statuat,
810 1303 842 1356 et
867 1293 940 1376 ipse
967 1293 1008 1357 ad
1029 1291 1178 1360 Latinam
1200 1297 1289 1366 baec

248 1381 351 1444 verba
379 1379 541 1460 pertinere
572 1377 754 1442 arbitratur.
798 1377 891 1450 Quae
919 1390 1026 1442 autem
1053 1380 1181 1448 Merula
1196 1391 1228 1464 2)
1253 1389 1287 1450 in

247 1465 336 1530 bunc
355 1463 465 1528 locum
486 1461 595 1541 infert,
620 1462 757 1528 ridicula
778 1463 864 1541 fere,
886 1465 986 1548 pudet
1007 1478 1164 1549 repetere.
1208 1473 1287 1536 Ser-

246 1571 375 1616 monem
397 1568 472 1612 esse
495 1549 535 1612 de
550 1545 689 1626 Didone,
710 1549 857 1628 Aenean,
878 1560 914 1614 ut
936 1551 1046 1616 varios
1065 1549 1152 1632 illos,
1176 1577 1196 1620 e
1217 1560 1288 1642 qui-

245 1637 308 1702 bus
332 1634 564 1718 Carthaginem
587 1635 769 1713 devenerit,
792 1657 891 1700 casus
912 1649 1058 1719 enarret,
1088 1653 1225 1724 rogante
1237 1647 1286 1728 ³),

245 1732 337 1786 recte
369 1719 558 1786 Schuettius
594 1723 773 1805 perspexit.
827 1715 934 1810 blajor'
963 1735 1052 1788 certe
1076 1715 1156 1791 'hac
1184 1731 1216 1794 in
1247 1754 1286 1796 re

246 1805 376 1890 Virgilii
398 1817 449 1872 est
471 1827 545 1884 aro,
575 1825 639 1890 qua
668 1827 752 1890 quae
778 1820 854 1872 ante
875 1807 965 1872 illam
989 1821 1216 1896 tempestatem
1237 1820 1286 1884 di·

245 1891 511 1958 vinitusAeueae
527 1891 741 1979 Trojanisque
756 1894 932 1958 immissam
953 1893 1043 1962 faeta
1062 1911 1156 1964 erant
1176 1903 1286 1986 ipsum

244 1977 382 2046 Aenean
405 1990 591 2044 narrantem
612 1977 702 2057 iacit,
724 2001 798 2044 cunr
818 1979 961 2046 Naevius
982 1981 1055 2064 ipse
1078 1983 1198 2073 Trojae
1218 1993 1285 2056 rui-

239 2065 308 2131 'nas
336 2076 369 2130 et
390 2063 614 2130 Anchisiadae
642 2085 771 2129 errores
801 2077 927 2137 narret,
960 2067 1046 2131 unde
1074 2068 1128 2149 fit,
1163 2083 1199 2142 ut
1229 2099 1284 2144 ω.

244 2150 334 2238 ganti
349 2149 469 2218 Didoni
489 2150 683 2217 satisfacere
702 2150 802 2218 heros
822 2151 879 2216 ille
897 2151 1058 2239 Trojanus
1079 2177 1146 2222 non
1166 2167 1284 2246 possit.

1104 2244 1110 2270 l

751 2319 783 2385 4.

327 2437 517 2503 Lactantius
533 2443 585 2518 ⁴):
619 2448 739 2525 quanta
761 2440 922 2524 (Sibylla)
949 2441 1117 2510 Citnnwria
1145 2453 1182 2514 in
1212 2454 1283 2530 Ila-

243 2523 302 2604 lic,
325 2543 421 2610 quarn
447 2522 593 2590 Naeuius
620 2529 657 2591 in
686 2527 777 2592 libris
800 2527 875 2592 belli
899 2527 1019 2595 Paraloi
1024 2579 1038 2611 ,
1063 2533 1141 2598 Piso
1162 2539 1197 2602 in
1220 2563 1283 2606 an-

241 2609 371 2676 nalibus
390 2615 543 2678 nominat.

325 2731 361 2795 ln
378 2732 513 2814 regione
537 2731 681 2796 Cumaea
709 2733 863 2816 oppidum
893 2733 996 2800 luisse
1019 2737 1225 2810 Cimmerium
1246 2761 1282 2815 et

240 2815 361 2882 Strabo
374 2818 409 2897 ⁵)
438 2827 470 2880 et
493 2815 616 2881 Plinius
627 2821 660 2898 ⁶)
688 2828 848 2884 testantur
861 2821 912 2904 7)..
947 2823 1041 2898 Quae
1078 2841 1185 2894 antem
1214 2833 1283 2902 hoc

240 2901 315 2967 loco
339 2913 409 2966 erat
430 2901 576 2989 Sibylla,
606 2914 741 2988 propter
769 2906 1040 2990 propinquitatem
1070 2913 1208 2982 aliorum
1229 2920 1280 2986 lo-

242 3009 353 3053 corum
374 2991 471 3054 modo
494 2989 657 3072 Cumana,
680 2991 776 3056 modo
797 2991 997 3078 Erythraea,
1020 3001 1117 3064 modo
1142 3001 1280 3074 Cimme-

239 3074 290 3137 ria
310 3074 479 3139 dicebatur
497 3077 539 3160 8).
582 3075 680 3160 Apud
701 3075 871 3160 Virgilium
895 3079 1061 3146 Cumanae
1082 3087 1199 3154 nomen
1222 3112 1280 3176 ge-

240 3158 283 3222 rit
297 3162 340 3238 ⁹).
384 3159 498 3224 Totam
529 3161 570 3224 de
591 3161 655 3226 bac
676 3161 804 3248 Sibylla
833 3174 865 3227 et
887 3165 927 3231 de
948 3166 1118 3257 Prochyta
1141 3175 1278 3246 Aeneae

132 3260 135 3266 ’
241 3253 385 3327 cognata
422 3243 567 3309 fabulam
602 3246 913 3316 Pseudo-Aurelius
945 3251 1125 3343 Victortv)
1165 3284 1278 3332 serva·

240 3330 306 3394 vit:
329 3351 399 3394 cum
422 3333 628 3414 comperisset
650 3335 832 3420 (Aeneas),
859 3335 974 3403 teman
995 3341 1095 3424 (iuter
1115 3345 1280 3419 Misenum

239 3415 495 3502 Avernumque)
527 3415 684 3503 Sibyllam
711 3421 901 3486 ancoralibus
926 3425 1045 3513 sutura
1068 3439 1278 3520 praecinere,

239 3504 275 3567 in
297 3504 440 3587 oppido,
470 3503 557 3589 quod
584 3514 721 3570 uocatur
746 3505 960 3576 Cimbonionis
983 3515 1066 3596 (sici
1094 3517 1168 3603 lege
1194 3519 1277 3590 Cim-

240 3592 409 3672 merium),
432 3593 556 3656 uenisse
583 3611 622 3656 eo
652 3595 850 3659 sciscitatum
881 3595 923 3661 dc
951 3607 1039 3666 statu
1064 3605 1278 3694 fortunatum

238 3739 444 3764 “dh-un·-

310 3831 339 3902 1)
356 3829 467 3889 Aeneas
484 3833 544 3891 aad
561 3835 608 3890 die
624 3831 754 3894 Peneion
769 3837 788 3894 l.
807 3851 880 3916 pap.
895 3844 955 3902 515.
1010 3845 1039 3917 2)
1057 3847 1077 3906 l.
1095 3849 1114 3908 l.
1126 3872 1200 3928 pap.
1217 3857 1277 3916 115.

239 3916 270 3990 3)
294 3915 369 3991 Virp.
385 3917 451 4006 Aera
470 3915 490 3974 l.
509 3923 559 3978 750
566 3941 625 3995 sqq.
661 3925 691 3994 4)
706 3925 794 3980 instit.
809 3925 905 3984 Dicta
920 3929 940 3984 l.
958 3929 983 3985 6.
996 3951 1068 4008 paq.
1084 3936 1126 3992 il.
1144 3939 1188 3995 ed.
1207 3939 1278 4014 Rip.

238 4003 269 4070 5)
284 4003 319 4058 V.
337 4006 363 4058 l.
383 4019 456 4078 pap.
472 4001 531 4058 395.
557 4007 600 4062 ed.
624 4005 747 4062 Touana.
800 4014 828 4078 6)
847 4011 911 4068 aaut.
929 4023 989 4070 nat.
1007 4017 1051 4074 lll.
1071 4021 1097 4076 u.
1152 4021 1180 4093 7)
1198 4022 1279 4082 idem

131 4084 133 4088 ’
238 4101 340 4144 nornen
357 4091 437 4164 apud
456 4087 524 4142 Aur.
549 4088 662 4147 Vicat.
678 4093 697 4148 I.
715 4099 928 4155 restituendum.
980 4103 1008 4171 8)
1031 4102 1144 4163 Diaren.
1171 4109 1212 4166 ad
1232 4107 1280 4166 Ta·-

238 4169 304 4227 tute.
321 4173 341 4227 i.
359 4177 385 4230 5.
405 4173 454 4242 ra·
474 4171 628 4231 Sabaliart.
646 4176 686 4232 ad
703 4173 842 4253 Ispeopbr.
861 4185 1017 4246 Alexandr.
1039 4187 1113 4248 1278.
1156 4192 1185 4263 9)
1204 4191 1278 4254 Aen.

236 4255 284 4315 Vl.
301 4257 336 4312 ³5
353 4277 411 4332 sqq.
430 4261 496 4333 tbiq.
516 4261 614 4333 Hepne
631 4278 738 4320 anatra
757 4267 781 4320 5.
831 4267 874 4336 10)
892 4269 928 4324 de
945 4277 1016 4348 arip.
1034 4281 1112 4348 pent.
1132 4277 1217 4335 Rom.
1236 4277 1279 4336 lu.
