2828 4892
462 351 511 400 ,-
592 317 754 426 11¹-

88 503 170 572 raet,
193 490 280 560 laiso
310 491 627 579 sagenarum
655 492 781 576 magis,
808 511 905 578 quera
935 493 1024 581 quod
1052 517 1132 582 poco

88 582 184 649 ticam
206 581 279 666 ejus
295 579 435 648 indolem
450 581 678 666 cognovisset,
692 579 976 646 Getonctnaecnm
993 583 1131 652 tuisse

88 666 224 733 Ennium
245 665 366 734 statuit.
409 663 521 732 Causa
542 665 627 734 lmen
644 664 749 730 luisse
769 665 906 730 ridetur.
949 666 1033 734 Coto
1055 687 1132 736 orm

88 762 155 818 toto
190 751 299 820 ammo
337 748 444 835 plebis
477 761 604 834 partam
639 749 792 827 foveret,
826 750 984 816 Naevium
1020 754 1131 833 etiam,

88 837 209 920 quippe
239 835 295 922 qui
327 836 435 904 studio
463 856 546 918 arga
577 835 708 919 plebem
737 834 885 918 flagrans
912 837 946 902 io
974 839 1132 920 patricios

87 921 306 996 inveteretur,
328 921 400 986 sine
416 921 520 985 vdubio
543 920 645 988 coluit
666 931 699 986 et
720 922 904 996 adamavit3
927 923 1132 1006 quiquidem

88 1028 163 1073 eum
185 1007 216 1073 in
239 1005 370 1076 exilium
392 1027 480 1070 antro
496 1006 659 1072 1leerss
675 1027 705 1070 ιι.
723 1027 753 1074 u.
775 1007 895 1072 missus
917 1019 950 1072 et
971 1028 1059 1074 anno
1073 1009 1132 1076 nn
1213 1075 1216 1082 ,

86 1105 236 1159 mortuus
255 1104 355 1169 essct
377 1112 441 1176 quo
464 1090 547 1156 Cato
567 1093 732 1170 Quaestor
744 1091 929 1158 Sardiniam
952 1094 1131 1173 obtinebat,

87 1177 226 1244 Ennium
245 1197 287 1242 eo
311 1179 383 1260 ipso
413 1197 500 1246 anno
523 1177 661 1245 Romam
683 1197 795 1242 secum
826 1178 934 1256 duxit,
966 1181 1023 1262 qui
1050 1178 1135 1246 altor

87 1263 329 1344 quodammodo
361 1261 507 1328 Naevius
536 1276 645 1342 essct,
676 1283 761 1348 quae
797 1273 906 1329 manen
941 1283 1022 1349 apes
1057 1284 1135 1332 enm

87 1347 215 1418 fefellit.
268 1348 340 1414 Hoc
371 1347 479 1430 ipsum
507 1357 617 1415 autem
646 1347 817 1414 comitum
847 1349 881 1412 in
913 1368 1018 1416 caasa
1046 1358 1133 1428 orat,

88 1453 149 1498 cur
171 1433 309 1504 Ennium
331 1433 428 1498 etiam
450 1434 483 1498 iu
506 1433 612 1502 media
634 1433 750 1515 plebe,
774 1435 807 1496 in
829 1433 1012 1512 Aventino,
1031 1435 1134 1502 bam-

88 1528 163 1584 tare
193 1517 301 1590 vellet.
345 1519 438 1584 Haeo
463 1519 494 1584 si
520 1517 735 1601 probabiliter
762 1519 927 1601 disputata
954 1529 1050 1598 sunt,
1083 1540 1135 1586 so·

88 1606 217 1689 quitur,
247 1615 282 1670 at
313 1603 474 1668 Naevium
503 1605 603 1668 etiam
636 1615 713 1670 ante
740 1603 880 1670 Ennium
908 1605 941 1670 in
963 1605 1135 1674 ,Aventino

88 1691 203 1757 sedem
232 1709 325 1756 suam
353 1688 511 1760 habuisse
540 1700 734 1761 statuamus.
778 1690 892 1758 Rebus
913 1690 960 1756 ita
981 1691 1137 1758 conantur

88 1777 142 1856 tis,
160 1776 230 1860 jam
246 1774 409 1846 Varronis
430 1785 463 1840 et
479 1775 568 1841 Festi
591 1773 684 1842 locos
706 1777 892 1843 accuratius
912 1776 1136 1859 inspiciamus.

88 1859 201 1934 Varra
230 1859 316 1930 enim
352 1859 488 1938 Naevii,
518 1881 583 1944 qno
616 1861 746 1926 nonnne
782 1861 859 1943 quin
888 1872 1020 1944 poetam
1049 1863 1139 1930 dieat

87 1965 157 2012 non
181 1947 313 2022 dubito,
335 1944 455 2010 Festus
475 1955 604 2021 erutam,
627 1955 660 2010 et
680 1946 869 2011 accuratius
890 1946 1032 2029 quidem,
1052 1947 1139 2012 Nem

88 2031 134 2094 vii
158 2029 299 2115 alicujus
330 2049 371 2092 aa
399 2028 476 2096 loca
504 2028 608 2094 inisse
637 2030 755 2112 prodit.
800 2019 873 2102 Quo
904 2041 1011 2096 autem
1040 2032 1138 2098 modo

88 2117 261 2200 utriusque
282 2115 361 2190 viri,
387 2133 523 2197 quorum
546 2115 651 2182 neutri
672 2113 776 2198 mujot·
798 2111 882 2184 tiles
913 2134 1010 2198 qnam
1032 2114 1139 2192 alta-i.

86 2200 195 2267 verbo
226 2198 436 2270 concilianda
467 2218 544 2264 esse
576 2199 729 2274 credam,
762 2217 804 2263 ex
832 2198 891 2280 iis,
923 2219 1008 2281 qnae
1037 2219 1141 2282 supra

87 2284 282 2367 disputavi,
309 2293 457 2366 apparet.
501 2283 630 2366 Quippe
659 2282 778 2349 Festus
808 2305 882 2351 eum
911 2285 1008 2363 dicit,
1031 2301 1052 2353 u
1074 2303 1139 2369 quo

86 2389 174 2434 vere
197 2369 333 2451 primum
356 2389 474 2438 nonren
495 2368 554 2438 illa
584 2367 669 2435 silva
689 2369 838 2451 aceepit,
870 2369 978 2437 Varro
1007 2381 1140 2454 poetam

87 2457 132 2520 ab
158 2452 214 2521 illo
237 2453 428 2531 oriundum,
451 2455 545 2540 eujus
567 2464 600 2516 et
621 2453 726 2536 ipsius
747 2452 803 2522 illa
832 2453 929 2533 looa,
959 2454 1141 2530 hereditate

88 2549 255 2622 accepta,
275 2549 385 2619 crant,
408 2559 471 2604 avo
495 2538 685 2610 nobiliorem
708 2548 742 2605 et
762 2541 933 2608 notiorem.
978 2541 1141 2625 Maiorem

88 2625 190 2690 otiam
213 2623 359 2695 veritatis
380 2625 526 2706 speeiem
547 2623 635 2690 haee
656 2643 729 2694 mea
757 2625 879 2706 accipit
904 2623 1141 2710 qualiscunque

17 2775 18 2778 ,
89 2709 450 2794 ceterumcouJ‘eetura
471 2729 533 2788 eo,
563 2711 651 2794 quod
681 2709 747 2794 jem
775 2709 877 2775 multo
906 2719 981 2778 ante
1003 2711 1141 2794 prmum

91 2795 251 2860 Punicum
282 2793 403 2861 bellom
433 2805 579 2878 tempore
604 2794 733 2859 Naevia
761 2794 819 2861 illa
847 2805 963 2878 porta,
993 2815 1092 2879 quum
1117 2817 1142 2868 a

17 2909 19 2916 v
91 2882 207 2950 vicina
228 2879 314 2948 sil-va
332 2899 451 2946 nomeu
474 2881 595 2952 ducere
616 2879 724 2950 Vurro
740 2885 772 2958 ²)
801 2880 911 2960 refert,
932 2900 953 2944 a
974 2882 1142 2964 seriptorl·

91 2968 158 3040 bus
188 2976 387 3034 memoratur
403 2967 454 3048 ³),
485 2966 606 3052 quippe
681 2984 724 3032 eo
750 2966 797 3036 ad
826 2965 1020 3030 Seruianam
1052 2968 1144 3040 urbis

92 3051 305 3126 munitionem
329 3051 506 3134 pertineret
515 3056 561 3130 ⁴).
597 3051 644 3122 Fa
658 3049 810 3118 sissimus
829 3061 939 3118 autem
961 3060 1012 3116 est
1032 3050 1144 3134 Rege

93 3135 161 3204 lius
174 3139 220 3218 ⁵),
242 3135 298 3222 qui
313 3134 436 3202 Attium
454 3136 613 3203 Naevium
636 3156 792 3219 augurem
812 3137 1010 3216 documento
1033 3137 1142 3212 habet,

94 3223 257 3287 Naeviam
281 3233 409 3304 gentem
432 3221 558 3286 Romae
582 3222 839 3306 antiquissimam
861 3241 954 3298 esse3
986 3236 1037 3291 est
1059 3225 1145 3300 euim
1178 3259 1181 3267 ·

96 3306 153 3372 ille
180 3307 321 3394 Noniae,
345 3327 411 3372 non
432 3307 589 3375 Naeuius,
632 3307 725 3381 llaec
746 3308 787 3374 de
811 3309 918 3392 patria
941 3309 1058 3376 Naevii
1079 3309 1145 3374 sul-

96 3391 220 3458 ficiem.
271 3387 365 3466 Quae
395 3391 473 3457 addi
503 3404 662 3480 possunt,
693 3391 776 3472 inim
806 3395 988 3480 addentur,
1019 3395 1147 3478 nebia

99 3480 234 3544 easdem
255 3499 310 3544 res
331 3489 477 3544 tractem.
949 3489 952 3494 '

151 3619 154 3624 ¹
187 3597 237 3662 De
265 3617 371 3675 arton,
402 3618 468 3682 quo
496 3606 594 3661 natus
615 3595 762 3662 Naevius
784 3596 843 3675 sit,
869 3594 950 3661 nihil
973 3593 1149 3662 memoriae

99 3684 266 3768 proditum
289 3694 356 3760 est,
379 3683 425 3748 ita
448 3692 483 3746 at
504 3683 591 3748 liaeo
610 3702 683 3760 res,
707 3703 800 3761 cum,
832 3702 896 3769 quc
919 3681 1038 3745 aetatis
1061 3683 1149 3746 anno

98 3769 294 3847 decesserit,
316 3785 422 3856 aeque
440 3786 506 3832 uos
525 3766 643 3850 fugiat,
664 3769 697 3833 in
717 3768 845 3832 incerto
865 3767 908 3830 sit
926 3765 1147 3860 relinquenda.

17 3879 18 3896 ι
103 3855 242 3920 Pactam
264 3870 371 3933 ἰθιιι,
399 3864 573 3940 antequam
603 3855 637 3918 ia
656 3852 791 3921 exilium
807 3852 1010 3933 Λιιιιιιιιιιιιιιιι·,
1037 3871 1151 3922 sonem

174 4099 207 4168 ι),
221 4099 241 4157 ι.
259 4098 278 4156 ι.
330 4061 361 4169 ι’)
381 4057 439 4156 ιι
487 4097 521 4166 a)
540 4094 694 4158 unare.
722 4095 770 4160 n.
800 4095 851 4154 nu.
872 4063 1042 4171 naam
1058 4115 1081 4154 a
1105 4099 1153 4162 ra

17 4181 18 4192 ¹
99 4179 174 4258 m.
188 4183 242 4256 auu
259 4183 304 4239 eu.
323 4183 391 4256 ma
432 4185 476 4252 ¹t)
496 4182 630 4247 struem
656 4181 866 4258 Remum
887 4186 942 4253 aar
964 4180 1055 4254 stadt
1077 4184 1155 4246 nar·
1231 4225 1232 4240 ,

106 4267 125 4322 1.
139 4285 212 4352 pap.
229 4268 290 4324 636.
344 4271 373 4337 5)
390 4269 409 4324 Ι,
428 4269 446 4324 Ι.
461 4287 533 4346 pop.
551 4265 585 4323 tt
602 4273 659 4322 not.
677 4266 720 4326 tl.
977 4281 992 4291 ”
1073 4287 1076 4294 ·

848 4321 850 4326 ι
892 4319 895 4328 r
937 4314 940 4326 l
1065 4313 1070 4324 1

900 4414 902 4422 ι
