2776 4892
471 345 746 418 -113-

103 545 138 591 ea
159 531 258 608 potate
286 523 361 589 cod.
389 521 497 603 Leid.;
525 533 670 610 propter
696 545 820 591 omnmo
845 525 946 596 Hadr.
969 528 1068 612 June
1092 555 1134 602 ea

100 617 183 696 potate
216 612 300 696 conj.
322 608 520 674 Hadr.·Jun.
553 609 664 676 Bothii
687 623 720 676 et
740 611 916 680 Duentzeri
937 619 1134 688 emendatio·

103 719 173 772 nes,
200 699 295 761 metri
319 715 422 760 causa
444 697 619 762 maximam
648 710 774 782 partem
798 699 923 783 factae,
943 706 1079 773 inutiles
1103 722 1135 778 et

99 784 181 849 nihili
204 793 301 860 sunt;
325 803 441 846 versus
462 785 546 848 enim
570 786 748 850 tetrametri
769 786 940 868 trochaici,
964 795 1136 878 inquibus

99 891 158 935 non
179 870 290 934 dubito
313 871 388 953 quin
419 867 565 934 ultimam
595 891 712 938 vocem
742 872 869 940 vocalis
891 873 992 960 longa
1020 896 1135 951 secuta

98 959 147 1034 sit,
169 979 240 1020 cum
265 977 328 1040 qua
350 954 407 1018 illa
430 954 598 1022 coaluerit.
642 956 779 1022 Bothius
796 962 1019 1049 conjecturam
1040 985 1135 1040 suam

98 1041 255 1128 duplicem
278 1039 400 1125 duplici
422 1039 498 1106 loeo
522 1044 695 1127 proposuit
706 1045 757 1129 ¹):

193 1177 265 1217 nam
288 1161 324 1215 ut
346 1157 453 1218 ludere
475 1161 603 1234 propter
625 1179 744 1220 amnem
765 1162 846 1220 iuter
867 1179 900 1224 se
921 1163 1051 1228 uidimus
1167 1187 1180 1208 ·

190 1243 356 1316 laetantes,
380 1246 411 1302 et
434 1246 578 1304 creterris
601 1246 744 1321 equolam
768 1265 888 1308 sumere
1143 1241 1148 1248 ¹

192 1350 227 1389 cx
252 1330 347 1388 sonte.
531 1333 533 1339 ’

191 1434 264 1474 nam
286 1417 322 1474 ut
343 1414 450 1475 ludere
473 1416 603 1491 propter
624 1435 744 1476 amnem
765 1419 846 1479 iuter
867 1439 901 1480 so
922 1419 1052 1484 vidimus

190 1500 347 1560 laetantes
371 1504 402 1586 et
424 1503 568 1560 creterris
590 1500 707 1562 iontem
730 1522 860 1578 sumere,

94 1627 209 1692 aquam
239 1627 282 1671 ec
309 1609 406 1694 sonte
440 1617 595 1695 tanquam
632 1605 800 1693 glossema
829 1608 965 1678 exulare
994 1614 1137 1704 jubensp

91 1691 294 1759 Ducntzerus
308 1696 359 1772 2)ε

192 1829 266 1869 nam
287 1813 323 1868 ut
345 1809 453 1868 ludere
474 1807 626 1867 lactantes
648 1807 729 1866 inter
751 1824 784 1867 se
805 1808 933 1870 vidimus

192 1914 317 1955 amnem
338 1898 478 1972 propter,
501 1893 645 1979 creterris
670 1909 791 1952 sumere
813 1912 923 1970 aquam
944 1915 980 1956 ex
1000 1903 1106 1976 ponto,

85 2017 186 2065 versu
209 1999 316 2064 altero
340 2001 487 2084 pessimo
510 2007 625 2080 utpote
647 1993 776 2062 claudo.

168 2111 320 2194 Exponit
349 2109 471 2174 chorus
500 2107 649 2172 Edonum
680 2107 751 2170 sive
780 2107 951 2192 ehoregcs
973 2108 1029 2176 vel
1057 2132 1136 2178 uun·

81 2197 166 2274 tius,
200 2217 276 2282 quo.
294 2196 411 2273 modo,
445 2203 598 2259 cessante
622 2191 786 2258 Bacchico
809 2194 945 2260 tumultu
975 2201 1073 2277 (uam
1104 2201 1137 2264 in

80 2283 156 2368 ipso
177 2280 319 2346 tumultu
341 2291 467 2345 terrore
485 2279 606 2343 Punico
629 2281 772 2362 correpti
791 2291 884 2344 erant
906 2282 1060 2348 custodes
1074 2288 1136 2365 ³)),

78 2369 172 2452 regis
199 2367 346 2450 Lycurgi
377 2365 512 2430 ministri
535 2361 688 2428 Bacohas
718 2367 874 2447 ceperint.
917 2366 1073 2434 Bacchae
1103 2389 1138 2433 e-

79 2456 147 2518 nim
171 2463 311 2537 praeter
331 2472 459 2516 amnem
482 2449 632 2514 ludentes
654 2449 740 2514 etin
764 2462 863 2533 ponte
879 2462 1018 2532 stantes,
1041 2452 1137 2522 eilu-

78 2541 166 2605 mine
198 2558 325 2624 aquam
348 2536 546 2612 haurientes,
570 2557 591 2600 a
621 2533 817 2602 satellitibus
846 2548 962 2622 raptae
983 2559 1061 2604 esse
1089 2541 1136 2605 vi·

79 2628 211 2693 dentur.
261 2621 418 2691 Similiter
438 2622 614 2707 Euripides
628 2625 673 2701 4).

602 2765 635 2832 8.

164 2879 366 2962 Nonius⁵):
396 2885 501 2944 matus
530 2897 629 2942 sonas
650 2884 698 2942 est
727 2877 886 2962 proprie,
922 2880 979 2964 poi
1010 2879 1139 2948 intelle.

78 2978 163 3036 ctum
186 2987 262 3038 non
285 2964 390 3030 habet.
438 2965 586 3030 Naevius
609 2964 780 3052 Lpeurpo:

211 3088 322 3146 dticrte
344 3103 382 3144 eo
403 3102 472 3144 eum
488 3083 609 3161 argyritis
630 3082 747 3158 linquis
761 3081 862 3138 mutas
884 3079 1137 3158 quadrupedes..
1212 3093 1214 3100 ’

77 3215 148 3260 mum
172 3193 285 3259 omitt.
313 3187 472 3274 Scaliger.
504 3188 598 3263 Quae
621 3189 663 3252 de
683 3185 884 3252 restituenda
905 3186 1040 3276 antiqua
1053 3208 1139 3255 voce

78 3281 200 3363 (scribi
227 3277 319 3344 enim
353 3273 478 3340 mavult
506 3275 738 3361 arpotiliupuis
755 3272 870 3349 omiss.
893 3289 964 3338 cum
985 3277 1135 3359 probant.

75 3367 243 3450 Ducntz.)
263 3376 299 3427 et
320 3373 424 3426 metro
440 3359 575 3426 Bothins
598 3371 718 3440 monet,
738 3357 842 3425 futilia
864 3369 958 3435 sunt3
980 3380 1056 3426 nam
1071 3379 1139 3426 vox

76 3457 218 3541 antiqno
245 3449 457 3514 desideratur
470 3446 572 3526 nulla,
591 3458 625 3512 et
645 3458 781 3512 metrum
796 3443 1012 3523 trochaicum,
1027 3465 1138 3532 quam·

74 3542 126 3606 vis
158 3543 195 3606 in
230 3537 304 3602 fine
335 3532 500 3612 mutilum,
531 3533 740 3603 sanissimum
771 3540 832 3596 cst.
875 3527 1013 3596 Frustra
1040 3529 1140 3614 igitur

74 3624 226 3694 Vossius
254 3640 400 3708 quoque,
421 3621 464 3686 de
484 3630 589 3693 metro
604 3619 752 3708 jambico
774 3615 936 3701 cogitans,
956 3614 1046 3683 humo
1066 3635 1139 3685 ver·

73 3733 146 3780 sum
171 3720 300 3779 tentat.

160 3823 290 3888 Mutas
319 3817 442 3904 quadro
467 3815 546 3880 edes
574 3814 698 3900 pardos
719 3821 776 3878 aut
803 3810 937 3877 leaenas
967 3833 1044 3882 esse
1065 3835 1140 3881 eum

72 3905 262 3978 Welckero
279 3907 314 3988 ⁶)
335 3913 429 3990 putat
481 3912 664 4008 uentzerus.
707 3898 776 3966 Sed
797 3895 863 3964 alia
892 3897 1010 3988 plane,
1040 3911 1139 3988 atque
1180 3993 1184 4002 1

75 4077 301 4094 βψ*

139 4181 173 4253 1)
193 4177 320 4252 srapm.
339 4177 415 4248 trop.
427 4167 545 4244 popild
561 4176 590 4227 et
598 4172 630 4225 io
646 4165 723 4226 dhet.
732 4167 824 4225 Rhea.
832 4167 867 4228 V.
873 4187 943 4246 pop.
959 4169 1018 4226 271.
1053 4167 1111 4242 Di.
1118 4169 1138 4227 1.

59 4279 134 4342 pap.
156 4263 227 4321 436.
292 4257 323 4329 3)
343 4255 383 4330 cf.
399 4255 509 4330 fropm.
536 4257 579 4312 tl.
630 4258 659 4326 t)
688 4255 709 4311 l.
730 4255 750 4310 1.
777 4255 837 4312 too.
892 4257 922 4325 5)
946 4271 969 4310 t.
992 4271 1019 4309 o.
1044 4261 1141 4312 mutat

56 4367 131 4428 pap.
148 4352 171 4408 9
186 4347 238 4406 M.
259 4345 282 4401 6
302 4340 336 4397 G.
389 4337 759 4417 t)ltacttra9pap.11u
825 4407 849 4474 8
