2828 4892
481 329 530 346 ..
585 242 733 388 ta·-

91 491 156 544 tum
195 493 272 544 esse
299 483 424 542 metuat
456 471 618 542 Krateius
631 477 684 554 ⁸),
719 469 810 538 nnn
837 491 939 540 censa
957 483 1040 542 ‘est’
1073 473 1134 542 lm*

92 585 143 628 nro
161 561 230 650 jam
250 563 283 626 in
304 560 412 626 medio
440 555 529 626 bello
557 557 652 624 miles
679 556 785 626 luisse
813 557 941 624 videtur
948 583 958 636 ς
988 559 1077 646 quod
1104 561 1136 630 si

92 650 199 714 minus
219 645 354 730 fuisset,
376 644 551 731 quantillo,
575 664 720 728 quaeso,
744 643 849 728 gloria
870 657 959 724 erat,
981 665 1046 730 qua
1067 666 1137 713 mo·

59 751 60 754 ’
92 745 145 798 tus
173 754 250 799 esse
283 733 419 809 dicitnr,
453 741 489 796 ut
518 733 551 794 in
582 731 656 816 ipso
686 731 850 808 carmine,
880 732 968 815 quod
997 732 1039 796 de
1068 731 1137 800 hoc

89 818 177 885 bello
206 828 454 902 composuerat,
486 816 722 900 stipendiorum
750 835 883 880 suorum
913 816 1136 884 meminisset?

91 905 159 970 Sed
188 914 371 988 temporum
403 903 500 968 etiam
530 899 678 968 calculus
706 899 847 969 suadere
875 902 1020 980 videtur,
1045 914 1082 969 ut
1101 905 1137 970 in

92 990 201 1058 medio
230 996 297 1074 jam
326 987 412 1054 bello
439 987 590 1053 tirocinia
618 1008 679 1053 sua
706 985 827 1052 iecisse
853 999 984 1072 poetam
1014 998 1137 1056 statua·

92 1096 177 1140 mus.
219 1059 326 1140 Natus
350 1075 435 1140 enim
456 1073 601 1138 Naevius
623 1082 700 1136 ante
728 1092 849 1138 annum
871 1073 1137 1139 GDLXXXVlll.

91 1181 121 1228 u.
137 1182 167 1225 c.
179 1171 229 1226 est
241 1163 286 1243 ²),
297 1161 343 1225 ita
353 1171 389 1226 ut
399 1181 485 1225 auno
497 1157 614 1224 saltem
628 1143 706 1222 dffl.
718 1178 749 1221 n.
761 1180 790 1222 c.
801 1157 854 1222 vel
865 1179 951 1226 anuo
963 1158 1039 1224 belli
1047 1159 1136 1224 xlv.

91 1257 205 1330 togam
221 1265 351 1310 sumere
367 1256 401 1311 et
414 1245 578 1331 stipendia
596 1243 709 1308 facere
730 1255 861 1328 posset,
881 1243 946 1308 nisi
967 1255 1000 1308 et
1021 1246 1093 1329 ipse
1104 1247 1139 1328 8)

92 1343 172 1396 ante
193 1351 313 1396 aurnum
341 1332 458 1397 aetatis
482 1331 644 1396 decimum
675 1329 848 1413 septimum
875 1328 1007 1394 militiae
1037 1349 1141 1398 onera

90 1418 200 1482 subiit.
245 1415 345 1482 Falso
367 1428 477 1483 autern
500 1414 718 1500 Koeplrius4)
740 1415 774 1480 in
797 1415 942 1482 seeundo
964 1413 1051 1482 bello
1072 1415 1139 1484 Pu·

93 1503 173 1570 uico
194 1513 326 1588 poetam
346 1503 506 1570 merumse
528 1510 649 1568 narrat.

179 1655 265 1720 Inter
285 1653 404 1720 Naevii
434 1654 530 1719 etiam
554 1673 647 1718 arma
677 1649 799 1717 siluere
828 1651 955 1718 Musae.
999 1653 1142 1724 Primam

91 1740 182 1806 enim
204 1738 351 1808 fabulam
372 1759 459 1804 anno
481 1739 603 1804 DXlX.
633 1749 766 1822 poetam
796 1739 945 1818 dedisse,
973 1740 1067 1805 testis
1089 1749 1142 1806 est

89 1827 203 1892 Varro
240 1825 331 1912 apud
369 1824 509 1892 Gellium
524 1827 574 1907 ⁵):
616 1845 704 1888 ortuo
738 1825 855 1890 aalide
888 1833 967 1908 post
1006 1827 1142 1892 Romam

91 1913 261 1978 conditam
306 1913 559 1998 qninpeaten'mo
601 1911 834 1976 nordencesimo
870 1910 931 1993 Sp.
975 1911 1143 1977 Corellius

92 1999 198 2084 Rupe
216 2001 353 2082 primns
370 1999 494 2062 Romae
514 1997 557 2062 de
580 1999 755 2070 amicornm
785 1999 945 2062 sententia
968 1995 1143 2062 divortium

91 2106 169 2150 cnm
192 2104 297 2148 uxore
316 2085 416 2170 fecit,
449 2083 538 2168 quod
568 2085 685 2148 sterila
715 2091 798 2148 esset
818 2083 1025 2168 jurassetque
1045 2083 1138 2167 apud

91 2190 267 2247 censores,
294 2189 429 2233 acrorem
450 2191 484 2233 se
506 2169 639 2234 liberum
669 2169 929 2254 quaerendorum
959 2189 1062 2233 cereso
1082 2169 1142 2234 lte

91 2257 185 2322 bere.
232 2255 355 2320 Eodem
387 2274 474 2320 anno
501 2253 559 2324 Cn.
585 2256 734 2320 Naeuius
765 2263 867 2338 poete
894 2253 1031 2344 fabulas
1051 2255 1145 2340 opud

87 2341 259 2429 populum
297 2340 387 2405 dedit
406 2343 459 2422 ⁶).'
498 2339 621 2406 Varius
649 2352 758 2406 autem
788 2351 840 2406 est
874 2341 951 2406 anni
979 2343 1148 2408 nunrerus.¹

91 2429 189 2492 ldem
219 2425 305 2490 enim
331 2425 388 2492 ille
410 2423 537 2491 Gellius
564 2427 631 2491 alio
662 2424 738 2492 loco
753 2426 808 2512 ⁷)=
847 2424 988 2492 sermm
1019 2449 1146 2516 quoqne

93 2513 271 2596 Sulpiciam
293 2519 360 2576 tum
385 2514 525 2596 primum
555 2513 598 2594 (i.
629 2532 658 2576 e.
688 2512 873 2597 quingentis
900 2524 978 2597 post
1005 2513 1147 2582 Romam

93 2597 264 2665 conditam
285 2598 396 2678 annis)
425 2599 593 2662 cautiones
613 2599 664 2662 rei
685 2599 824 2662 rumine
852 2601 1056 2664 necessarius
1076 2619 1147 2665 esse

94 2687 190 2749 ansus
211 2684 362 2766 scripsit,
383 2703 453 2748 enm
478 2680 539 2768 Sp.
569 2680 751 2762 Carvilius,
774 2685 828 2746 cni
852 2684 950 2770 Rupe
972 2705 1146 2771 coyaomea

90 2771 174 2855 snit,
195 2770 246 2834 cir
266 2768 395 2846 nobilis,
418 2770 592 2833 divortium
614 2791 684 2833 cnm
707 2789 811 2834 tenore
829 2770 924 2858 fecit,
948 2773 1026 2858 puio
1048 2771 1146 2837 liberi

93 2876 138 2922 ex
170 2875 229 2934 ec,
259 2857 412 2940 corporis
441 2856 539 2932 nitio,
573 2875 639 2920 non
669 2859 903 2942 pipnerentnn
935 2877 1022 2922 anno
1054 2857 1147 2922 arrhis

95 2939 252 3006 conditae
273 2941 384 3005 DXX
390 2937 463 3018 111,
487 2937 537 3003 Μ.
570 2943 686 3019 Atilio,
712 2941 750 3007 Ρ.
783 2940 915 3007 Valerio
942 2941 1151 3008 Consualibus..

94 3027 145 3094 At
169 3025 213 3092 M.
233 3025 367 3092 Atilium
392 3022 555 3109 Regulum
585 3035 618 3090 et
639 3025 677 3090 P.
697 3024 866 3093 Valerium
887 3027 1043 3096 Flaccum
1071 3051 1150 3108 con·¹

96 3110 193 3180 sulas
220 3131 306 3176 anno
335 3112 426 3176 urbis
457 3111 610 3176 conditae
630 3110 802 3178 DXXVII.
830 3113 953 3194 luisse,
981 3117 1015 3182 in
1036 3115 1148 3184 Fastis

96 3193 331 3264 consularibus
346 3197 512 3281 anonymi,
533 3195 630 3262 lastis
645 3195 851 3284 Capitolinis,
866 3199 988 3267 Siculis
1009 3213 1042 3268 et
1058 3201 1150 3288 apud

98 3283 339 3351 cassiodorum
369 3281 520 3370 legimns.
572 3282 638 3350 Sed
671 3304 740 3350 rem
772 3287 879 3368 magis
913 3289 1009 3352 etiam
1038 3291 1150 3356 turbat

98 3369 213 3436 Attius
234 3369 322 3454 apud
345 3365 537 3435 Ciceronem
551 3373 605 3450 ⁸),
649 3371 682 3435 ui
703 3379 781 3456 post
807 3392 927 3438 annum
946 3359 1150 3438 DXXXXV.

98 3455 241 3540 primam
262 3475 285 3520 a
305 3453 398 3520 Livio
418 3454 608 3521 Andronico
627 3391 775 3523 iabnlam
798 3457 918 3522 editam
937 3458 1041 3522 luisse
1063 3446 1154 3542 dicit,

97 3550 181 3606 ante
211 3561 307 3626 quem
330 3540 450 3607 multas
478 3539 611 3609 fabulas
640 3551 674 3606 et
701 3541 838 3608 Plautus
868 3554 901 3608 et
925 3540 1072 3608 Naevius
1092 3543 1152 3607 do·

98 3626 230 3692 cuerint
245 3662 288 3676 -
310 3627 364 3714 qni
387 3649 485 3714 quam
506 3626 612 3708 falsus
634 3627 697 3706 sit,
724 3628 926 3714 argumentis
955 3626 1023 3692 suis
1053 3624 1152 3699 evicit

100 3711 261 3779 Osannus
275 3713 319 3800 ⁹).
362 3712 451 3782 Anni
477 3724 606 3793 autem,
636 3735 701 3800 quo
729 3715 868 3800 primam
890 3711 1037 3782 Naevius
1057 3715 1150 3808 labu-

170 4007 201 4080 1)
221 4007 241 4063 ἱ.
259 4008 278 4062 1.
295 4024 365 4082 pap.
390 4005 449 4063 lae.
500 4007 532 4076 0)
556 4006 595 4079 ef.
608 4023 681 4082 pap.
701 4008 743 4064 15.
801 4007 831 4076 3)
855 4008 918 4067 le.
943 4009 1098 4069 xmae.
1123 4013 1157 4078 er

98 4091 187 4150 nm.
205 4093 246 4148 ad
269 4091 346 4168 Vtrp.
363 4091 433 4147 Aen.
453 4089 488 4147 X.
496 4089 556 4148 800
609 4094 639 4158 l)
652 4093 672 4147 1.
691 4094 710 4148 1.
725 4109 796 4168 pap.
815 4093 861 4152 ld.
913 4097 942 4166 5)
960 4091 1044 4153 xvll.
1063 4099 1157 4156 0044.

94 4177 128 4246 d)
158 4175 260 4251 Pupia
276 4175 397 4233 enodes
415 4175 456 4232 od
473 4192 581 4234 uanam
599 4173 716 4232 DXIX.
769 4181 798 4250 7)
821 4179 869 4272 ll'.
892 4182 956 4236 00.
1010 4183 1040 4253 0)
1073 4183 1157 4240 Brut.

93 4257 185 4317 xvll.
202 4260 245 4318 70.
296 4261 328 4332 9)
347 4263 425 4322 anal.
445 4267 508 4320 erut.
530 4281 603 4340 pap.
620 4265 655 4320 dd
671 4281 730 4336 sqq.

864 4311 878 4347 t
