2776 4892
526 323 575 346 2-
627 285 708 357 107,
750 321 817 397 ψ.

138 484 226 550 quae
244 463 373 533 Dianae
394 466 497 530 verba
518 483 595 528 asse
616 472 721 548 putat,
741 461 930 530 nauclerum
951 465 1127 550 quandam,
1148 479 1185 532 ut

137 551 346 634 Iphigeniam
376 549 609 618 immolantium
639 547 790 628 manibus
818 571 937 616 recens
966 565 1112 637 ereptam
1141 553 1186 619 ad

138 637 284 704 Taurica
312 635 410 704 litora
430 635 593 722 perferat,
620 635 764 716 orantis3
794 637 915 723 quippe
943 635 1077 706 licuisse
1097 639 1185 704 Nae
1242 679 1246 692 ·

138 724 209 802 uio,
238 733 274 788 ut
294 745 364 788 rem
385 721 570 792 humanitus
591 717 783 806 fingeret1).
825 721 997 796 Facillime
1016 725 1095 797 mihi
1116 727 1186 812 qui-

137 809 214 878 dem
238 829 313 874 mea
332 809 461 874 videtur
483 809 673 896 conjectura
694 819 726 874 et
748 828 768 872 a
790 805 955 874 literarum
977 811 1075 875 ductu
1096 811 1186 880 haud

138 896 275 972 nimium
297 893 467 970 recedens.
510 895 559 964 Ita
581 905 690 958 autem
712 891 853 978 explico.
897 895 1036 980 Aquilae
1059 895 1185 963 Dianae

137 1003 256 1048 sacras
276 977 391 1064 fuisse,
421 979 636 1066 gravissimus
659 977 820 1064 Aeschyli
830 986 863 1061 Ξ)
892 979 988 1047 locus
1010 983 1123 1062 deca,
1152 985 1186 1048 in

139 1089 213 1152 quc*
230 1066 318 1155 quod
341 1069 531 1153 alyvmozts
552 1063 741 1150 Aeschylus
763 1078 874 1145 vo'eat,
901 1070 1062 1142 neminem
1085 1070 1186 1136 offen·

137 1155 205 1222 det.
249 1154 383 1238 Legitur
404 1157 490 1220 enim
513 1154 553 1220 de
576 1151 628 1218 his
650 1153 737 1238 apud
759 1151 932 1224 Aelianum
945 1157 995 1236 3);
1026 1157 1109 1236 τρὺς
1131 1159 1186 1222 al-

136 1240 291 1326 γυπιοὺς
314 1239 351 1304 ἐν
374 1243 531 1326 μεθορίῳ
561 1243 686 1326 γυπῶν
716 1237 819 1306 ὄντας
839 1241 901 1305 καὶ
926 1243 1100 1328 αἰετῶν)
1124 1253 1186 1308 eet.

138 1325 280 1390 Videtur
301 1337 409 1392 autem
432 1325 593 1412 poetaad
618 1325 841 1410 Ganymedem
862 1327 1047 1411 respicere,
1079 1329 1189 1413 quiet

137 1414 215 1496 ipse
235 1413 277 1476 ab
300 1411 410 1498 aquila
431 1411 580 1479 sublatus
603 1425 690 1490 erat;
712 1413 757 1476 ita
772 1409 972 1496 Iphigeniam
994 1435 1122 1500 quoque
1144 1418 1187 1482 ab

138 1495 253 1584 aquila·
274 1499 504 1567 subserendam
534 1519 577 1562 ex
605 1495 767 1568 sacrificio
792 1495 899 1564 Diana
928 1511 1030 1566 curat.
1072 1501 1108 1564 In
1137 1499 1185 1568 fa·

137 1585 225 1650 bulis
248 1587 379 1669 quidem
399 1583 480 1650 nihil
510 1584 591 1648 certi
620 1581 758 1648 relatum
780 1596 850 1662 est,
882 1605 946 1670 quc
969 1587 1064 1650 modo
1088 1586 1185 1652 Chal-

138 1671 214 1738 eide
236 1671 268 1734 in
291 1669 436 1736 Taurida
459 1668 696 1754 pervenerim).
743 1669 810 1734 Sed
830 1691 890 1756 per
912 1673 1052 1738 medium
1074 1673 1187 1738 aethe

138 1777 211 1820 rem
240 1777 278 1824 se
312 1779 351 1822 ec
384 1779 405 1822 a
426 1755 534 1824 Diana
565 1755 700 1822 missam
730 1775 805 1823 esse
833 1756 908 1843 ipsa
940 1761 1029 1843 apud
1059 1759 1188 1844 Euripi·

139 1841 215 1911 dem
232 1846 263 1924 ⁶)
288 1839 466 1928 profitetur.
553 1837 559 1846 ⁸

232 1952 324 2024 Orcus
345 1954 386 2016 de
408 1953 469 2032 iis,
491 1969 577 2036 quac
601 1959 792 2032 portantur,
814 1950 860 2016 ita
882 1950 1036 2017 usitatum
1057 1962 1131 2030 est,
1153 1963 1189 2018 ut

138 2039 356 2108 isumuteri
377 2060 461 2104 onus
483 2034 713 2121 significet⁷);
743 2039 817 2100 cela
848 2049 959 2124 autem
988 2039 1031 2101 da
1059 2037 1189 2122 aquilae

138 2059 205 2194 aiis
227 2125 343 2192 ecdem
364 2127 461 2190 modo
482 2125 570 2188 dicta
592 2133 678 2199 sunt,
702 2143 765 2206 quc
784 2120 964 2186 vulturibus
982 2125 1025 2188 ab
1040 2123 1187 2210 Aeschy-

139 2211 175 2286 1ο
192 2212 224 2293 ⁸)
263 2211 452 2293 πτερύγων
482 2208 623 2293 dpereat
659 2207 907 2288 tribuuntur-⁹„
945 2229 1052 2294 neque
1086 2230 1189 2292 passu

139 2296 471 2376 contunsionem).
518 2293 658 2364 Hortum
686 2303 795 2358 eutem
815 2291 955 2376 τέμενος
976 2292 1119 2368 Dianae,
1149 2299 1189 2362 τὸ

139 2379 268 2461 §putor
289 2391 347 2464 mis
369 2388 453 2447 Sacis
476 2380 596 2444 dictum
618 2390 706 2462 putu·
753 2377 830 2452 Noli
853 2381 1133 2473 praepositionem
1152 2384 1189 2456 in

138 2468 329 2542 desiderare
348 2480 423 2542 ante
444 2465 671 2534 accusativum
688 2469 752 2544 ¹1).

577 2617 759 2708 Lyeurgus.

228 2740 391 2806 Plurimae
428 2741 577 2824 quamvis
617 2737 714 2827 hujus
744 2733 878 2802 fabulae
914 2739 1081 2820 supersint
1115 2741 1189 2808 reli-

138 2828 252 2914 quiae,
274 2827 483 2898 nihilominus
505 2811 611 2898 ne'de
632 2847 671 2890 ec
696 2826 825 2908 quidem
846 2826 930 2892 inter
947 2820 1045 2889 Viros
1063 2826 1191 2893 Doctos
1302 2879 1303 2882 ,

140 2925 295 2991 cousmt,
329 2925 436 2978 utrum
465 2912 635 2996 tragoedia
669 2910 767 2976 fuerit
795 2929 838 2974 an
869 2909 1049 2975 comoedia.
1095 2913 1192 2986 Quod

140 3001 231 3070 enim
252 2999 390 3064 Bothius
419 2999 453 3064 in
483 2998 663 3080 tragoediis
687 3017 760 3060 eam
783 3006 953 3073 recenset,
985 2997 1019 3059 id
1040 2998 1121 3062 mire
1143 2999 1190 3064 fa'·

140 3099 232 3158 ctum
255 3107 329 3150 essa
353 3085 508 3152 Osannus
525 3089 577 3165 1’)
609 3082 775 3152 contendit
783 3103 806 3159 ,¹
826 3083 897 3166 qui,
927 3091 1044 3150 utana
1066 3085 1107 3150 de
1127 3085 1192 3152 hae

140 3172 255 3242 salida
278 3173 422 3236 obtineat
444 3168 644 3258 conjectura,
667 3189 730 3232 noo
752 3169 957 3232 comoediam
978 3189 1041 3236 nec
1063 3183 1191 3255 tragoe-

141 3261 245 3337 diam,
266 3259 327 3329 sed
347 3257 462 3330 Laevii
485 3275 617 3330 carmen
639 3256 776 3330 mixtum
797 3255 901 3322 fuisse
917 3255 1104 3342 Lycurgum
1126 3271 1191 3327 sta·

141 3417 353 3432 *αι-..ια

216 3504 248 3581 1)Ι
263 3503 363 3558 ecdem
388 3502 483 3576 modo·
498 3501 599 3559 Jcoeen
622 3505 712 3560 etlam
738 3500 883 3566 homirnam
907 3517 928 3554 a
948 3499 1058 3560 Naeuia
1084 3502 1194 3562 ἀίοωηι

143 3605 206 3650 crea
220 3590 354 3660 putealia
379 3586 417 3658 cf.
437 3587 548 3662 fragm.
566 3587 644 3642 Dan.
661 3587 687 3640 2.
739 3587 769 3656 9)
786 3585 955 3658 Aycmemn.
973 3585 1008 3639 49
1030 3585 1110 3644 Well.
1160 3593 1192 3666 3)

143 3675 184 3742 de
208 3680 269 3728 mat.
296 3671 416 3734 animal.
436 3689 509 3745 pay,
533 3671 568 3726 48
591 3669 706 3730 Jacobs.
758 3671 787 3739 4)
816 3668 922 3724 Gesner
945 3667 1047 3724 histor.
1072 3677 1192 3734 aninral.

168 3777 215 3834 αφ,
235 3757 284 3814 189
300 3766 328 3812 ct
344 3757 396 3813 756
413 3761 522 3812 calante
538 3755 682 3818 Jacoeoo,
734 3756 763 3823 5)
788 3753 916 3814 Walelcer
940 3756 971 3808 in
997 3753 1072 3812 Mus.
1098 3761 1211 3820 Rham*

138 3773 180 3898 ii.
198 3845 272 3918 paq.
297 3842 357 3908 458.
410 3841 441 3912 6)
468 3839 562 3916 Ipeip.
592 3841 678 3897 Taur.
705 3839 749 3896 99.
809 3842 848 3912 7)
866 3837 1017 3898 Burmann
1042 3845 1083 3900 ed
1109 3845 1192 3903 (leid.

145 3921 267 3994 Heroid.
290 3925 337 3990 xl,
355 3925 397 3988 ua,
449 3917 517 3993 811.
535 3925 555 3980 l.
607 3929 636 3996 9)
654 3930 699 3980 ita
716 3929 807 3981 etiam
827 3923 943 3986 Latiale
966 3923 1042 4000 γίνῃ,
1059 3929 1129 3986 Aen.
1147 3935 1193 3996 Vl.

149 4013 200 4072 lec
225 4015 387 4086 remtpio
406 4009 572 4075 alarum
591 4011 704 4068 Luerct.
722 4011 768 4065 vl.
786 4008 838 4066 743
855 4026 1069 4081 pennarum
1088 4020 1192 4091 celae

147 4098 189 4170 ef.
207 4091 339 4165 Dcrcllle
357 4096 398 4151 ad
417 4095 528 4152 Oderit.
552 4114 620 4170 puy.
646 4099 698 4156 999
716 4095 803 4152 Beelr.
857 4096 899 4164 19)
917 4095 1018 4152 Moser
1041 4102 1083 4156 ad
1101 4103 1191 4162 Cicer.

152 4181 264 4240 Turoni.
283 4181 303 4236 1.
321 4181 363 4236 49.
384 4181 526 4254 ildpoy.
545 4183 604 4238 409.
659 4185 704 4254 ll)
733 4183 815 4238 Certe
832 4183 871 4236 cd
897 4179 1005 4236 Lucan.
1032 4184 1137 4244 Pluere.
1159 4191 1191 4242 l'.

147 4267 208 4323 572.
225 4267 285 4321 Vll.
303 4267 361 4322 477.
416 4267 461 4337 19)
480 4269 512 4320 ire
536 4267 658 4324 Zeitsclr.
675 4268 700 4340 t'.
720 4265 930 4348 Alterllrumrw.
956 4267 1022 4326 iseo
1040 4289 1115 4348 pap.
1132 4275 1192 4333 972.
