2802 4908
641 273 917 346 ...20ss-

255 453 385 524 videtu
404 457 437 521 et
452 453 609 522 ridiculus
620 473 852 541 nonnunquam
867 449 975 520 Gellio
989 452 1033 539 ¹).
1069 451 1174 519 Nemo
1189 449 1303 543 igitur,

255 553 293 609 ut
314 563 388 609 carn
408 542 580 608 Macrobio
596 542 628 628 ⁹)
650 540 786 628 loquar,
817 561 858 605 ea
878 539 940 608 boc
961 541 1041 606 viles
1060 548 1156 623 putet
1175 549 1302 608 veteres

252 635 390 714 politas,
410 629 631 714 quadrarent
651 640 764 694 eorum
784 625 895 692 scabri
914 624 1009 691 nobb
1030 627 1193 693 uideatur.
1238 628 1302 694 llle

255 716 341 780 eaba
361 716 456 780 stilus
483 714 645 780 Naeviani
676 713 839 796 (Macrob.
863 708 1027 794 Enniani)
1059 716 1186 779 naemu
1206 717 1301 780 auri*

255 800 318 867 bus
344 804 436 866 solur
462 797 619 885 placebat
644 809 676 865 ct
703 801 763 865 dia
791 792 957 864 laborarit
984 807 1078 864 aetna
1098 808 1230 878 recula,
1262 806 1301 866 ut

182 969 185 974 Ι
253 888 357 973 arpis
388 887 463 952 aaa
496 889 639 954 molliori
664 889 740 952 stilo
757 879 1040 971 'acquiesceretum
1083 879 1187 970 Igitur
1205 886 1240 950 in
1263 887 1300 952 id

226 981 381 1040 -tantum
401 974 628 1058 inquirendum
656 983 725 1056 est,
754 972 839 1038 sitne
867 969 1061 1057 aequalibus
1093 973 1163 1037 suis
1184 971 1300 1038 rudior

252 1059 400 1125 Naevius
420 1081 484 1124 nec
505 1082 556 1125 ne.
600 1059 647 1124 At
666 1057 767 1124 multo
796 1058 837 1123 iis
865 1058 899 1123 in
928 1058 1012 1142 ipsis
1033 1059 1184 1124 versibus
1212 1057 1298 1142 poli·

253 1145 319 1210 tior
340 1156 411 1226 est,
431 1156 572 1230 excepto
594 1144 730 1223 Plauto,
764 1145 819 1230 qui
840 1154 949 1209 tamen
971 1143 1131 1210 Naevium
1151 1164 1217 1210 non
1239 1163 1298 1210 su-

253 1241 358 1316 perat.
401 1231 677 1298 Luculeutissima
697 1230 796 1316 hujus
813 1230 860 1294 rei
876 1227 1072 1295 documenta
1090 1241 1148 1296 ant
1163 1251 1203 1296 ea
1218 1240 1298 1296 sunt

253 1319 418 1397 carmina,
446 1339 532 1403 qnae
551 1329 629 1384 ante
658 1318 818 1383 Naevium
839 1315 999 1381 Romanis
1028 1326 1140 1395 erant,
1167 1326 1225 1382 aut
1240 1315 1297 1382 Li·

253 1403 299 1468 vii
328 1403 500 1488 Odyssea,
539 1424 637 1490 qnam
667 1403 796 1488 quidem
825 1403 969 1468 carmine
998 1401 1170 1468 Naeviano
1197 1403 1295 1485 spico

254 1487 487 1573 elegantiorem
509 1489 588 1556 dicit
603 1489 663 1555 Th.
681 1487 802 1573 Bergk,
818 1493 861 1568 ⁸).
904 1488 960 1569 At,
980 1509 1022 1552 ne
1043 1507 1150 1554 meum
1173 1487 1212 1552 de
1224 1487 1294 1554 bec

250 1593 289 1641 re
312 1576 472 1662 judicium
500 1575 578 1642 huic
606 1576 678 1641 viro
709 1594 892 1660 opponam,
923 1594 964 1639 ea
991 1585 1115 1638 tantum
1144 1573 1294 1654 afferam,

253 1662 401 1746 quaeda
422 1661 506 1726 Livii
528 1673 562 1728 et
581 1661 698 1728 Naevii
719 1681 891 1739 sermone,
922 1658 1100 1743 praecipue
1121 1660 1163 1724 de
1186 1659 1295 1746 Odys·

251 1766 312 1812 sea
341 1757 375 1812 et
398 1749 543 1814 carmine
572 1749 613 1814 de
641 1746 730 1815 bello
752 1747 875 1813 Punico
907 1744 1051 1830 professi
1078 1757 1156 1810 sunt
1183 1745 1294 1812 Varro

251 1843 286 1898 et
307 1832 444 1914 Cicero,
473 1834 659 1919 gravissimi
682 1843 770 1900 certe
792 1845 825 1900 et
845 1830 1093 1898 luculentissimi
1113 1831 1180 1896 hac
1200 1833 1233 1896 in
1254 1849 1295 1898 re

247 1920 389 2006 judices.
433 1921 534 2006 igitur
552 1920 610 1986 ille
629 1921 756 1986 Livium
778 1940 800 1984 a
821 1919 891 1984 suis
912 1928 990 2002 post
1010 1939 1117 1984 annos
1137 1916 1211 1983 XV.
1233 1919 1294 1983 vix

250 2004 451 2071 intellectum
479 2027 555 2072 esse
576 2007 751 2073 affirmat*
777 2026 786 2084 ;
813 2003 868 2070 bic
897 2024 976 2069 vero
997 2001 1083 2069 Livii
1104 2003 1294 2088 Odyssean

248 2112 328 2158 cum
348 2090 535 2172 Daedaleo,
564 2093 683 2158 Naevii
696 2094 751 2158 ‚be
765 2090 831 2158 lum
852 2091 1010 2156 Punicum
1031 2111 1106 2157 cum
1128 2089 1293 2174 Myroneo

249 2197 353 2262 opere
374 2191 548 2263 comparat
560 2182 603 2261 6).
646 2179 747 2264 Atqui
768 2183 920 2262 potitam,
942 2177 997 2261 qui
1017 2177 1210 2259 elegantiori
1230 2177 1293 2242 uti·

247 2274 303 2328 tur
322 2285 475 2330 sermone
496 2277 529 2331 et
549 2266 709 2343 dictione,
740 2263 883 2328 numeris
912 2263 1010 2328 etiam
1038 2261 1295 2345 perfectioribus

248 2353 297 2414 uti
324 2362 582 2416 consentaneum
611 2363 672 2414 est.
716 2348 784 2414 Sed
812 2350 924 2414 rudior
943 2347 1003 2412 luit
1025 2347 1196 2414 Saturnius
1217 2369 1296 2416 ver·

247 2452 308 2498 sus
329 2445 405 2499 ente
424 2436 586 2500 Naevium
608 2457 666 2520 eo,
698 2455 763 2518 quo
784 2436 857 2520 ipse
878 2435 993 2515 utitur,
1016 2433 1294 2520 quemadmodum

246 2531 388 2585 testatur
408 2520 585 2587 Diomedes
601 2526 654 2602 ⁶):
687 2523 897 2598 Saturnium,
925 2520 1046 2605 inquit,
1073 2523 1109 2588 ia
1136 2519 1297 2586 bonorem

248 2606 315 2671 Dei
340 2607 488 2673 Nneoics
508 2611 647 2689 invenit,
678 2629 764 2694 qnae
792 2609 895 2674 verba
925 2626 990 2672 non
1010 2609 1057 2672 ita
1077 2605 1296 2690 intelligenda

246 2713 323 2758 esse
345 2706 445 2777 patet,
466 2706 501 2760 nt
515 2695 661 2760 Naevius
681 2695 771 2760 hunc
792 2715 934 2770 versum,
955 2703 1055 2758 antea
1074 2693 1293 2775 incognitum,

244 2781 372 2864 primus
395 2780 590 2861 adhibuerit,
619 2803 694 2847 eum
715 2793 748 2846 et
768 2781 871 2846 Fauni
894 2790 928 2844 et
948 2790 1041 2843 vates
1061 2791 1095 2844 et
1115 2777 1226 2845 Salios
1246 2800 1293 2844 eo

244 2887 327 2930 usos
358 2866 463 2932 fuisse
494 2878 624 2933 constet
654 2881 687 2934 et
717 2867 831 2932 Livius
861 2865 1047 2949 Odysseam
1079 2885 1174 2930 suam
1210 2876 1293 2932 ante

244 2951 405 3017 Naevium
431 2951 498 3018 hoc
525 2966 628 3019 metro
655 2951 899 3039 conscripserit.
942 2949 1028 3032 Sed,
1057 2962 1093 3016 nt
1113 2951 1294 3018 Romanae

241 3038 367 3102 satirae
387 3052 505 3103 auctor
524 3041 669 3118 Ennius,
690 3041 838 3104 inventor
858 3031 1005 3102 Lucilius
1026 3037 1144 3102 dicitur
1158 3042 1212 3116 ⁷),
1241 3039 1292 3104 ita

240 3121 342 3186 etiam
364 3124 509 3190 Naevius
529 3146 602 3190 eum
624 3146 755 3190 versum
777 3125 943 3190 inuenisse
963 3121 1089 3202 fertur,
1112 3144 1208 3208 quem
1228 3124 1290 3188 im·

243 3208 359 3293 primis
380 3209 521 3274 excoluit
541 3222 574 3277 et
594 3212 855 3276 accuratioribus
885 3208 1142 3294 certioribusque
1165 3209 1289 3276 finibus

242 3294 501 3380 circumscripsit
512 3297 556 3382 8).
599 3297 709 3382 Atque
730 3317 766 3360 re
784 3317 863 3362 veru
880 3295 1023 3360 Saturnii
1038 3295 1198 3361 Naeviani
1220 3316 1289 3362 non

240 3381 290 3448 ita
312 3381 397 3446 varii
419 3392 451 3447 et
471 3383 586 3448 incerti
609 3393 696 3462 sunt,
719 3405 815 3468 quam
833 3378 875 3460 ii,
898 3382 954 3465 qui
975 3403 994 3446 e
1017 3384 1160 3446 carmine
1181 3380 1287 3448 arvali

237 3465 395 3542 ,vel‘aliis
413 3471 611 3536 carminibus
628 3479 820 3554 supersunt3
842 3487 1040 3555 quamquam
1058 3466 1138 3541 illud
1160 3478 1286 3552 tempo·

241 3573 315 3618 rum
344 3555 485 3623 decursu
508 3557 616 3646 magis
644 3557 819 3641 magisque
848 3552 1026 3640 expolitum
1048 3573 1124 3620 esse
1144 3554 1283 3620 videtur.

234 3733 451 3762 ’.ι-ὑ-ιιιηη

309 3851 338 3917 1)
359 3847 419 3905 xu.
434 3855 459 3908 a.
476 3857 503 3912 s.
554 3856 585 3927 a)
608 3851 728 3910 satam
736 3851 783 3910 vi.
801 3859 827 3913 a
842 3870 912 3928 pap.
927 3854 978 3912 173
995 3847 1040 3907 ec.
1058 3844 1127 3923 erp.
1179 3851 1211 3922 a)
1230 3848 1249 3905 t.
1266 3847 1283 3916 l.

239 3935 273 4002 4)
290 3937 327 3992 de
344 3937 414 4008 ltaa.
431 3936 499 3994 Lat.
512 3957 583 4014 pap.
598 3945 649 3998 283
664 3938 770 4014 ὅμως).
821 3939 851 4009 5)
869 3938 953 3994 Brut.
968 3935 1065 3994 XVlli.
1083 3941 1125 3993 70.
1178 3937 1209 4006 6)
1213 3951 1282 4007 pap·

231 4021 294 4094 ,495
310 4013 408 4093 Gatsfi‘
456 4028 485 4093 7)
512 4015 614 4084 Horat
638 4025 729 4082 saco.
745 4020 764 4080 1.
786 4033 827 4082 io.
844 4031 879 4084 47
895 4025 962 4098 itaq.
981 4017 1133 4090 Heindorf.
1187 4019 1218 4090 8)
1243 4017 1279 4090 cl·

248 4097 481 4187 Wetrb'crtpoet.
499 4103 566 4168 Lat.
584 4113 635 4171 rel.
654 4131 727 4190 pop.
743 4117 795 4172 279
816 4118 872 4168 aot.
888 4117 922 4183 73
949 4109 1042 4166 Mune
1065 4105 1102 4162 de
1118 4102 1140 4174 f
1135 4103 1182 4160 ab·
1200 4101 1280 4159 Atell·

236 4209 308 4265 pap.
328 4199 386 4252 102
