2828 4892
646 331 693 354 ..
750 304 796 375 10
857 331 904 356 .-

250 501 340 554 etmo
353 475 552 550 -cexcvtu
570 497 604 547 ι.
624 497 655 548 e.
677 479 856 547 amandun
878 481 984 566 legem
1002 479 1129 548 totitem
1145 483 1178 567 ¹)
1209 493 1303 548 totus
1404 451 1405 528 f

253 575 284 639 ei
317 571 515 636 tradebatur.
567 566 621 632 Ab
649 567 716 632 lmc
743 569 870 633 Naevio
900 589 977 632 num
1006 579 1106 653 poeta
1137 569 1302 652 originem
1404 623 1405 632 ,

254 660 371 735 ducat,
406 655 579 736 ammanus
610 654 669 726 dle
707 652 820 732 hacsi,
854 656 1036 738 usquedum
1064 663 1098 720 et
1125 653 1301 719 Ciceronis
1404 679 1405 684 ¹

253 743 350 810 locus
372 741 517 827 ¹supra2)
547 738 700 807 laudatus
723 749 756 804 et
777 759 867 824 ¹‹Juae
894 740 983 826 apud
1005 740 1180 804 Eusebium
1194 745 1225 820 ³)
1254 741 1299 806 le
1404 751 1405 754 ’

254 840 390 914 guntur,
411 825 473 902 Gn.
504 819 663 894 Naevium
685 835 816 908 poetam
838 847 911 893 cum
937 827 968 889 in
991 823 1155 890 Aventino
1185 827 1300 893 sedem
1404 823 1405 886 l

254 936 349 982 suam
370 909 527 978 hatmsse
561 921 627 975 tum
649 911 776 978 Romae
798 922 907 976 natum
928 931 1004 976 esse
1024 933 1045 976 a
1068 920 1205 996 parente
1225 911 1298 976 Ro·

253 1021 365 1080 marm,
393 957 542 1082 prohab'l

251 1085 370 1150 Crassi
407 1103 562 1162 socrum,
598 1082 741 1163 ingenuo
777 1103 930 1148 sermone
961 1078 1115 1146 Romano
1154 1081 1300 1146 locutam

253 1191 329 1236 osse
359 1169 455 1246 dicit,
483 1189 558 1234 cum
587 1168 719 1245 mulier,
749 1165 922 1234 multorum
953 1187 1138 1234 sermonum
1167 1187 1300 1269 expers,
1404 1167 1405 1216 ἒ

251 1253 476 1338 incorruptam
505 1253 729 1340 antiquitatem
754 1251 883 1317 facilius
913 1253 1178 1330 conservaverit,
1209 1254 1299 1318 mde-

255 1361 320 1426 que
342 1331 525 1416 concluflit,
550 1349 583 1402 et
604 1350 728 1424 patrem
756 1337 888 1404 Laeliae
910 1349 943 1404 et
963 1342 1106 1424 maJ‘orcs
1136 1339 1186 1402 sic
1207 1337 1299 1410 locu·

522 1017 564 1068 re
592 995 670 1060 milri
700 997 848 1060 reddidit
893 995 1009 1062 Cicero
1033 997 1118 1060 euim
1140 995 1300 1073 Laelium,
1404 1047 1405 1052 η

250 1431 308 1490 'tos
336 1423 450 1492 fuisse,
501 1423 680 1508 Conoparat
710 1435 819 1488 autem
852 1435 1022 1489 matronae
1056 1425 1300 1509 pronunciatio·
1404 1433 1405 1498 ζ

250 1517 328 1581 'uem
348 1521 383 1577 et
403 1530 587 1576 sermonem
616 1529 690 1577 cum
710 1529 865 1576 sermone
886 1503 996 1588 Plauti
1019 1520 1051 1574 et
1072 1509 1198 1576 Naevii.
1241 1511 1300 1574 At·
1404 1511 1405 1532 ¹

254 1596 310 1684 qni
338 1592 444 1664 Plauti
477 1605 603 1679 patrem
628 1606 661 1660 et
682 1596 844 1682 majores,
872 1607 984 1680 utpote
1013 1593 1163 1660 homines
1192 1593 1300 1660 Sarsi-

252 1694 367 1760 uates,
390 1680 565 1760 Umbrico‚
588 1701 654 1744 non
674 1681 826 1746 Romano
847 1701 1000 1748 sermone
1020 1702 1100 1748 usos
1122 1701 1198 1746 esse
1221 1701 1299 1746 con·

251 1777 335 1843 snt,
358 1767 443 1834 unde
464 1765 629 1851 sequitur,
653 1787 728 1830 cum
749 1763 866 1832 Plauto
888 1765 976 1832 haud
997 1769 1083 1832 bone
1104 1765 1301 1834 Ciceronem

252 1873 466 1936 comparasse
483 1849 645 1930 Laelium,
667 1851 729 1916 nisi
757 1851 892 1918 Plautus
921 1865 1046 1918 mature
1075 1850 1219 1918 Romam
1245 1873 1300 1918 ve·

252 1940 300 2006 nit
328 1950 361 2003 et
382 1959 565 2004 sermonem
593 1936 776 2004 Romanum
807 1938 982 2025 ingenuum
1012 1939 1044 2006 iu
1074 1939 1147 2020 ipsa
1175 1940 1256 2004 urbe
1279 1959 1301 2004 a

251 2026 373 2090 teucris
406 2023 569 2108 unguibus
602 2024 738 2088 edoctus
770 2034 832 2087 est
887 2024 977 2089 Itone
1010 2023 1169 2096 Naevium
1203 2025 1301 2090 etiam

252 2111 458 2198 peregrinum
481 2111 538 2178 aut
558 2107 707 2178 Latinum
729 2105 869 2176 Romam
892 2121 1018 2175 mature
1045 2110 1207 2194 migrasse
1229 2131 1300 2175 cre

255 2198 318 2274 uis,
339 2207 375 2259 nt
395 2197 437 2260 ne
458 2207 554 2298 pater
576 2193 705 2326 pridem
728 2197 800 2282 ejus
820 2205 852 2260 et
873 2194 1017 2286 majores
1039 2217 1190 2261 sermone
1210 2197 1304 2264 urbis

251 2283 387 2366 proprio
422 2302 473 2348 usu
502 2281 589 2349 sint.
638 2272 792 2348 Profecto
822 2275 949 2350 Romae
979 2293 1090 2347 uatum
1118 2303 1196 2348 esse
1222 2303 1301 2364 poe·

252 2379 320 2433 tan
343 2386 362 2430 a
385 2361 536 2452 Romanu
565 2375 660 2452 patre
681 2375 829 2450 apparet.
873 2359 939 2432 Serl
962 2367 1005 2432 aul
1028 2388 1163 2432 causam
1190 2388 1301 2432 rerer.

253 2464 305 2522 tor
336 2450 584 2532 exponendam,
616 2469 675 2514 cur
703 2471 724 2516 a
753 2446 889 2540 Naevio
909 2449 989 2531 illo,
1017 2473 1038 2516 a
1068 2473 1132 2538 quo
1164 2474 1303 2520 neurora

252 2531 517 2610 Naevia'uome'n
547 2541 766 2619 acceperunt,
796 2535 967 2603 oriundum
996 2559 1072 2602 esse
1094 2550 1225 2622 poetam
1247 2562 1301 2608 ar.-

253 2623 372 2699 bitror,
395 2641 479 2707 quae
501 2641 603 2690 causa
625 2623 688 2687 etsi
706 2621 742 2688 'in
766 2623 975 2706 conjectura,
1004 2635 1147 2688 attamen
1169 2624 1201 2689 in
1223 2645 1301 2708 pro-

253 2707 319 2773 bali
343 2709 550 2799 conjectura,
580 2708 689 2792 posita
718 2727 793 2775 esse
819 2707 899 2772 nrihi
922 2709 1057 2774 videtur.
1103 2703 1192 2776 Loco
1214 2713 1303 2776 enim

248 2791 387 2861 laudato
416 2791 575 2868 Erotium,
603 2813 625 2858 a
652 2791 778 2862 Catone
810 2793 994 2868 Quaestore
1025 2791 1163 2859 Romam
1193 2807 1301 2862 truns-

251 2875 355 2948 latum
368 2880 412 2960 ⁴),
434 2879 466 2945 in
490 2885 600 2960 moute
622 2873 784 2944 Aventino
815 2877 1011 2952 domicilium
1039 2879 1196 2947 habuisse
1225 2903 1303 2948 nar·

189 2998 190 3007 κ
253 2975 306 3031 rat
327 2962 488 3040 Eusebius
501 2966 542 3065 ⁵).
587 2961 969 3048 QuaerentiQautem,
1000 2986 1084 3051 quae
1112 2986 1216 3034 causa
1238 2963 1302 3034 'Ca-
1404 2993 1405 3048 n

252 3051 446 3126 touem‚'u't
475 3070 529 3138 qur
556 3043 599 3128 ab
627 3049 788 3114 omnibus·
810 3049 949 3116 Graecis
977 3049 1080 3118 literis
1109 3053 1303 3120 abhorreret
1404 3057 1405 3078 ¹

254 3145 288 3199 et
317 3145 474 3218 provecta
504 3129 632 3202 tenum
661 3145 770 3200 aetate
800 3135 928 3200 ffiaece
955 3135 1301 3223 loqui.‹loceretur·⁷)‚

254 3219 478 3296 cornmovcrit,
500 3229 536 3286 ut
558 3219 710 3296 Ennium,
731 3232 798 3286 tum
821 3221 892 3284 sine
916 3221 1012 3286 dnbio
1038 3223 1200 3288 Graecum
1222 3245 1302 3308 poe·
1404 3265 1405 3302 3

255 3316 333 3384 tam,
356 3305 494 3370 Romam
519 3298 663 3380 (luceret,
688 3307 733 3369 ita
759 3303 1023 3388 respondendum
1047 3307 1125 3374 mihi
1155 3311 1301 3375 videtur:
1404 3337 1405 3384 3

254 3387 355 3458 Falso
371 3388 535 3460 Funocius
547 3391 578 3474 8)
602 3401 635 3457 et
647 3383 821 3458 Harlesius
835 3394 867 3475 ⁹)
886 3392 1056 3473 Catmrcm
1072 3389 1158 3478 quod
1183 3407 1303 3480 poetae

248 3474 507 3576 ¹ingeniumrmu
522 3474 759 3568 perspexisset,
775 3477 915 3548 Romam
931 3500 1004 3550 eum
1025 3479 1232 3550 transtulisse
1254 3476 1302 3550 fe·

321 3751 420 3820 illuto
448 3752 492 3815 lll.
508 3755 559 3820 am
588 3753 708 3833 Dionys.
728 3756 767 3819 x„
779 3757 811 3812 31
830 3764 858 3812 et
876 3759 924 3821 tm
950 3759 1073 3818 Diodor.
1094 3758 1154 3820 xil.
1174 3765 1207 3825 ⁴3
1235 3762 1302 3815 Nie-

250 3829 324 3888 buhr
344 3831 380 3886 R.
399 3830 435 3886 G·
452 3833 486 3890 ll.
504 3855 573 3912 pap.
590 3834 659 3904 3395
688 3839 834 3915 Goattlir'ry
854 3839 953 3900 Geruli.
972 3846 999 3900 u.
1021 3845 1103 3900 Rom.
1125 3841 1302 3918 Staatsoerf.

249 3931 318 4002 pap.
330 3917 396 3984 mm
415 3913 514 3976 Moser
524 3922 565 3978 ud
576 3919 665 3981 Cicer.
678 3923 714 3980 de
728 3927 847 4000 Repulit.
860 3924 895 3986 ll,
910 3924 952 3984 3²3.
963 3947 1035 4004 pap.
1049 3931 1109 3988 595.
1145 3931 1176 4002 ⁸1)
1189 3948 1260 4006 pap.
1275 3923 1301 3986 9.

250 4001 281 4069 a)
292 4001 425 4057 curante.
445 4003 485 4058 aa
502 4005 615 4082 olymp.
630 4003 769 4066 CXXXV.
812 4013 842 4080 t)
861 4009 944 4069 Corn.
957 4013 1028 4088 Nep.
1043 4013 1105 4072 Cat.
1119 4015 1147 4073 lt
1168 4015 1303 4071 Pseudo·

252 4085 386 4143 Aurelius
411 4087 448 4142 tle
472 4088 524 4142 tir.
548 4087 653 4148 illustr.
672 4091 715 4152 ii·
764 4092 797 4166 o)
814 4093 855 4166 cf.
883 4096 973 4155 Varro
989 4098 1009 4158 i.
1028 4099 1047 4156 ἱ.
1097 4101 1126 4170 t)
1145 4096 1234 4174 Repe!
1248 4103 1266 4156 Ι.
1283 4101 1303 4156 i.

245 4171 370 4244 papam
383 4179 440 4227 not.
455 4169 497 4226 to.
532 4168 572 4240 i)
587 4173 711 4248 mpetu.
727 4175 749 4233 l.
768 4179 845 4236 adde
864 4179 1015 4241 Plutarch.
1035 4185 1098 4242 Cat.
1114 4181 1226 4257 muj.'2.
1270 4187 1302 4262 ⁸)

250 4257 270 4313 l.
290 4254 311 4312 t.
323 4273 395 4332 pap.
414 4259 456 4314 77.
511 4255 541 4329 9)
558 4260 712 4320 introduct.
732 4281 803 4340 pap.
825 4265 882 4322 187.
1287 4263 1290 4270 “
