2776 4892
462 321 740 394 -101-
841 414 848 422 ,

80 502 176 569 fnisse
197 511 334 590 narrant
353 503 395 584 ¹).
441 501 566 577 Quint*
585 507 668 570 cnm'
683 499 855 588 praeclara
876 496 934 571 iiia
952 505 1034 572 Attii
1055 516 1120 574 trd-

81 589 193 678 goedia
215 588 299 654 Livii
321 587 465 654 fabulam
488 590 545 653 vix
566 589 710 674 dignam,
738 603 823 682 quae
844 591 960 656 iterum
981 591 1120 678 legatur,

79 677 231 744 edendam
254 696 391 741 curasse
412 675 610 762 Pompejum'
628 695 765 754 ceuseS,
789 677 843 762 qui
866 698 951 762 quae
972 678 1062 756 fecit,
1085 681 1119 744 iu
1225 735 1229 743 .

77 761 179 850 plebis
218 765 357 844 gratiam
390 771 423 828 et
453 761 638 844 captandae
672 781 775 826 aurae
811 762 981 848 popularis
1017 785 1120 832 causa
1197 761 1222 792 '⁴

77 847 166 931 egit?
203 848 270 914 sed
293 849 421 914 accedit
442 845 530 936 aliud
554 847 651 912 etiam
672 861 911 932 argumentum,
933 850 1030 936 idque
1046 871 1118 934 gra-

79 935 253 1000 vissimum.
297 933 404 999 Varro
420 933 454 1020 2)
484 933 568 1002 enirn
589 937 681 1000 utin
703 937 842 1016 sotntu,
864 937 929 1013 ait,
960 937 1119 1017 oratione,
1186 933 1188 940 ’

73 1022 176 1084 sicin
198 1023 360 1106 poematis
381 1017 480 1086 oerdu
500 1041 567 1086 non
590 1021 706 1094 omniu,
731 1018 975 1107 quoe'irndeunt
997 1024 1120 1106 ἔτυμα,

74 1117 217 1196 possunt
237 1109 317 1172 'utet
365 1107 480 1192 Neque
509 1109 610 1172 mutto
628 1107 684 1172 ‘ob
714 1129 753 1171 eo
782 1112 1004 1190 crantore),
1028 1131 1120 1196 queue

75 1214 136 1258 non
160 1201 257 1260 erunt
278 1197 314 1258 in
344 1193 571 1260 lucubratione
601 1197 718 1260 literae
742 1203 960 1282 prosecutae,
989 1199 1121 1260 nautium

75 1281 144 1347 iicet
170 1283 298 1372 tegeret.
346 1283 444 1356 Aelii,
466 1279 603 1346 dominis
624 1283 660 1344 in
678 1281 789 1364 primo
810 1283 845 1344 t'n
868 1283 972 1346 itteris
989 1282 1120 1348 Latinis

72 1369 262 1445 exercitati,
284 1369 586 1454 interpretationem
607 1369 783 1432 carminum
808 1364 976 1443 Saliorum
998 1369 1120 1432 uidebis

73 1462 102 1518 et
121 1455 203 1519 exiti
227 1456 324 1518 litera
345 1453 550 1540 expeditam,
584 1461 615 1518 et
636 1457 823 1544 praeterito
845 1453 987 1526 obscura
1009 1459 1119 1521 nutttu.

75 1541 145 1605 Neo
168 1543 301 1617 mirum,
332 1561 425 1627 quoru
456 1559 522 1610 non
552 1541 647 1604 nouo
671 1539 879 1624 Epimenides
907 1549 986 1626 post
1014 1562 1121 1605 anuos

73 1627 110 1696 L,
134 1635 348 1710 experrectus
376 1650 399 1692 n
428 1629 535 1696 miultis
567 1647 634 1690 non
662 1636 904 1712 cognoscatur,
936 1627 994 1692 sed
1025 1631 1121 1692 etinue

78 1711 202 1784 teucer
224 1713 312 1779 Liuii
328 1723 407 1798 post
428 1733 532 1780 urrnos
558 1715 635 1778 XV.
649 1718 682 1800 4)
705 1713 747 1778 ob
767 1715 855 1790 suis,
878 1716 934 1799 qui
955 1717 1007 1792 stt,
1029 1717 1119 1809 iquo-

70 1809 174 1864 retnr.
218 1799 298 1865 Post
320 1819 426 1863 annos
460 1801 558 1881 igitur
579 1799 653 1863 XV.
678 1821 721 1864 ne
750 1821 771 1863 a
794 1801 864 1862 suis
886 1801 1015 1884 quidem
1037 1801 1121 1864 satis

72 1885 258 1950 intellectus
279 1882 331 1950 es't
346 1885 472 1962 Livius,
488 1894 565 1968 post
582 1887 646 1948 duo
663 1895 772 1948 autem
787 1883 860 1946 fere
876 1883 1011 1948 saecula
1026 1902 1120 1968 prae-

26 1977 28 1982 “
71 1971 220 2055 teriapsa
239 1974 282 2036 ab
304 1973 459 2034 universo
482 1969 604 2052 poncio
622 1972 769 2034 Romano
788 1967 997 2035 intellectus?
1027 1971 1121 2035 Post-

68 2078 187 2141 quam,
218 2069 253 2121 ut
283 2079 357 2122 cum
381 2055 645 2122 PorcioLioinio
661 2058 694 2141 ὃ)
724 2054 857 2141 loquar,
873 2081 875 2088 ·
889 2054 975 2119 bello
998 2055 1122 2129 Punico

64 2144 218 2208 secundo
240 2143 339 2206 Musa
361 2144 497 2290 qinneto
518 2144 623 2224 gradu
644 2143 677 2206 in
695 2141 876 2208 Romanam
899 2151 1030 2223 gentem
1052 2141 1121 2206 bel-

65 2226 210 2293 licosam
233 2249 272 2291 se
293 2230 361 2292 intu
377 2231 418 2305 it,
449 2248 526 2292 mox
548 2228 719 2292 obliterata
749 2228 974 2292 videturesse
1004 2238 1037 2292 et
1060 2228 1120 2292 Sa·
1226 2289 1228 2294 .

62 2313 190 2380 diorum
212 2311 270 2377 iila
292 2327 344 2392 et,
366 2333 450 2398 qnae
473 2335 536 2378 non
557 2313 690 2379 multum
712 2314 755 2378 iis
776 2305 909 2396 politior
930 2325 1018 2395 crat,
1036 2313 1122 2379 Livii

61 2400 250 2466 Andronici
271 2401 379 2466 Musa.
421 2397 582 2462 Naevium
612 2413 721 2464 autem
744 2399 843 2463 nrutto
867 2398 919 2464 bis
941 2399 1120 2483 elegantio-

62 2507 133 2550 rem
159 2483 264 2548 fuisse
284 2485 371 2549 infra
392 2485 706 2560 denroustrabinnrs;
728 2484 792 2549 hoo
814 2496 923 2550 auteur
944 2485 1020 2550 loeo
1040 2487 1130 2562 satis¹

64 2585 116 2636 est
148 2571 195 2634 ad
228 2569 396 2636 Ciceronis
412 2573 445 2653 ⁶)
476 2571 516 2634 de
546 2591 586 2634 eo
614 2570 772 2658 judicium
804 2567 984 2652 relegasse.
1028 2571 1121 2643 Quae

67 2679 142 2722 uum
168 2658 216 2720 ita
238 2657 320 2736 sint,
353 2656 470 2719 Naevii
493 2667 563 2733 est,
595 2677 661 2720 non
681 2656 767 2720 Livii
789 2655 900 2740 Equus
929 2655 984 2720 ille
1006 2656 1120 2746 Troja-

64 2765 137 2810 nnS.
189 2742 255 2808 Sed
278 2743 345 2806 alia
374 2754 425 2806 est
446 2741 561 2806 Stievii
575 2743 609 2826 ⁷)
643 2745 684 2806 dc
713 2742 776 2806 hac
806 2742 920 2809 fabule
948 2744 1121 2812 sententia.

65 2828 187 2894 Virum
209 2830 294 2892 enim
317 2827 457 2912 aliquem
481 2827 633 2892 Ciceroni
654 2826 824 2912 aequalem
847 2829 920 2891 sive
940 2828 1026 2892 Livii
1048 2829 1121 2894 sive

63 2915 187 2980 Naevii
221 2916 344 2998 Equum
367 2915 545 2998 'l'roJ'anum
576 2915 623 2978 ita
652 2927 798 2978 mutasse
832 2924 944 2996 putat,
973 2924 1010 2978 ut
1039 2933 1121 2978 snae

65 3004 168 3068 aetati
194 3001 474 3066 accommodatior
496 3013 594 3064 esset.
638 3001 703 3064 Ter
732 3001 817 3064 enim
848 2997 949 3062 millia
977 3005 1120 3065 cratera-

66 3109 158 3168 rum,
193 3107 277 3172 quas
308 3089 340 3150 in
372 3086 501 3150 edenda
532 3085 598 3148 hac
621 3083 734 3152 fabula
755 3107 850 3150 suam
872 3085 1017 3151 movisse
1039 3087 1119 3154 indi-

66 3177 260 3256 gnationem
292 3173 408 3238 Cicero
426 3175 460 3254 ⁸)
496 3169 683 3255 profitetur,
720 3194 794 3236 cum
823 3171 942 3236 Naevii
975 3184 1007 3237 et
1035 3172 1122 3238 Livii

67 3260 281 3346 simplicitate
305 3260 391 3323 haud
421 3278 602 3341 congruere
631 3259 718 3324 dicit.
762 3258 806 3323 At
834 3257 919 3327 haec
949 3280 1004 3323 res
1029 3257 1121 3323 nihili

66 3360 124 3419 est,
151 3346 429 3434 quemadmodum
460 3345 660 3428 Regelius⁹)
683 3343 994 3424 ettvelckerus10)
1020 3345 1119 3425 aptis-

64 3435 144 3500 sime
167 3433 383 3499 adnotaruut.
427 3432 520 3512 Quae
541 3451 623 3496 vero.
646 3452 749 3504 causa
770 3432 830 3509 sit,
861 3433 920 3496 cur
940 3439 974 3496 et
994 3429 1121 3495 Livium

66 3617 282 3632 m-

129 3734 158 3801 l)
190 3729 236 3802 cf.
261 3727 441 3785 Drumann's
475 3727 641 3788 nesciente
672 3729 766 3798 Bonus
789 3727 835 3781 iV.
859 3741 934 3800 paq.
962 3723 1014 3778 523
1041 3740 1119 3796 sqq.;

68 3811 215 3872 Fischer's
231 3811 386 3868 Romtscue
404 3813 566 3883 Zeittufeln
580 3831 650 3888 paq.
667 3813 726 3868 248.
779 3813 809 3886 2)
827 3811 862 3866 do
879 3810 949 3884 ling.
967 3809 1034 3865 Lat.
1047 3825 1121 3882 paq.

64 3901 110 3957 983
128 3905 178 3960 ed.
202 3900 314 3973 Spenq.
366 3899 591 3965 statuentur
615 3898 815 3955 uocuduinme
840 3896 1007 3967 conjectura
1029 3895 1121 3950 Muci·

64 3987 124 4042 leri.
182 3990 219 4058 4)
240 3990 284 4040 ita
302 3981 460 4048 Muellerus
478 4003 543 4050 oum
567 3985 648 4040 codd.
674 3979 756 4038 Goth.
775 3979 870 4044 Haun.
897 3981 988 4036 Poris
1005 3998 1025 4036 u
1042 3986 1071 4032 et
1087 3979 1120 4043 ὂς

63 4069 118 4128 tlt.
139 4073 323 4148 Spengeltnr
340 4088 405 4125 cum
422 4069 501 4135 Flon
552 4070 581 4138 5)
600 4089 619 4125 a
640 4069 679 4124 nd
701 4065 771 4122 Geli.
792 4065 935 4132 11171111.
989 4066 1019 4138 6)
1039 4063 1121 4120 Brut.

61 4155 130 4222 xlx.
152 4159 202 4219 76.
258 4155 287 4228 7)
307 4156 343 4212 de
360 4159 404 4216 rei
420 4145 521 4212 scenio.
545 4173 604 4234 opu
654 4154 736 4214 Rom.
762 4156 831 4225 orig.
848 4171 921 4228 paq.
939 4149 982 4206 86.
1024 4145 1064 4218 48)
1083 4149 1123 4203 ud

61 4239 174 4298 Dicere.
195 4239 260 4297 Vll.
280 4243 303 4296 1.
355 4241 388 4314 9)
407 4241 444 4298 de
460 4260 492 4297 rc
510 4243 611 4314 truqie.
630 4239 716 4294 lions
730 4255 801 4312 paq,
816 4236 859 4298 ³8·
906 4236 963 4324 JO)
982 4235 1002 4297 1.
1018 4235 1038 4306 t.
1052 4252 1121 4312 paq.

59 4329 106 4388 527
125 4338 191 4386 not.
856 4321 861 4329 “
1047 4318 1050 4324 ’
