2828 4892
630 251 907 322 ...3.-

247 431 457 518 ¹Solruettius,
487 447 684 518 quamquam
712 427 742 494 is
769 426 892 494 docere
920 443 994 494 eum
1015 439 1172 578 potem,
1192 451 1296 516 quam

249 529 399 585 contorte
425 515 600 584 Ciceronis
623 513 732 580 locum
753 511 986 598 explicaverim
1048 515 1130 581 mbri
1151 515 1237 582 enim
1259 519 1297 584 in

248 607 367 690 quibus
395 614 467 670 erat
494 611 611 678 natus,
640 599 797 666 Umbrice
818 597 1053 683 loquebantur,
1087 601 1174 666 unde
1196 600 1296 668 Plau·

249 704 315 756 tum
338 711 401 776 quo
425 709 467 754 ue
487 687 650 753 omitteret
671 683 789 752 Cicero
818 703 959 750 necesse
984 696 1064 752 erat.
1108 685 1217 753 Sede
1238 687 1296 754 Ci-

249 777 380 841 ceronis
403 711 461 840 lis
489 773 601 839 verbis
630 768 739 854 colligi
766 779 894 853 potest,
923 781 957 835 et
986 767 1135 837 Plautum
1165 783 1296 840 mature
1380 797 1383 804 ’

247 859 387 926 Romam
415 860 578 942 migrasse
606 857 717 942 itaque
737 855 887 920 Ronrme
907 875 928 920 a
949 856 1061 942 pueris
1082 858 1179 924 etiam
1200 857 1294 924 locu-

247 957 327 1025 tum,
356 956 389 1011 et
416 943 578 1011 Naevium
605 941 733 1008 Romae
762 943 805 1006 ab
827 941 964 1006 infantia
984 953 1163 1022 versatum,
1193 943 1294 1010 immo

246 1030 378 1096 Romae
407 1039 519 1097 uatum
548 1048 636 1094 esse.
686 1027 781 1102 Quae
808 1028 894 1093 enim
927 1027 969 1091 de
998 1025 1142 1092 barbaro
1163 1027 1294 1096 Naevio

244 1117 333 1200 apud
356 1115 541 1194 Terentium
563 1123 685 1196 namet,
706 1114 739 1178 in
758 1133 869 1176 errore
891 1111 1000 1195 posita
1020 1123 1105 1196 sunt,
1128 1136 1202 1179 cum
1223 1135 1295 1182 non

244 1222 266 1266 a
288 1201 459 1280 Terentio,
489 1201 549 1266 sed
580 1202 622 1263 ab
651 1199 725 1282 ipso
748 1196 866 1263 Plauto
881 1204 913 1277 1)
937 1199 1097 1264 barbarus
1119 1211 1218 1285 poeta
1244 1201 1295 1266 di·

245 1297 360 1365 catur,
389 1307 495 1372 neque
523 1285 590 1352 hoc
612 1305 728 1349 nomen
753 1283 918 1362 dedecori,
942 1285 1212 1369 quemadmodum
1233 1308 1295 1388 pu·

244 1379 292 1436 tat
307 1369 509 1451 Schuettius,
525 1372 568 1438 sit
578 1371 624 1452 2).
657 1371 769 1454 Igitur,
784 1381 819 1433 ut
836 1389 938 1452 snpra
957 1369 1034 1448 dixi,
1053 1367 1139 1435 salsa
1160 1392 1295 1438 ommno

243 1458 395 1522 videntur
415 1467 448 1523 et
469 1477 488 1522 e
510 1477 599 1522 mero
623 1476 736 1520 errore
757 1453 918 1538 profecta,
934 1475 1019 1540 quae
1039 1455 1079 1519 de
1097 1453 1293 1542 Campania.

243 1541 361 1608 Naevii
390 1543 517 1629 patria,
547 1539 620 1606 Viri
641 1539 741 1606 Docti
770 1548 961 1604 statuerunt.
1013 1539 1164 1607 Traditur
1193 1543 1294 1624 enim,

243 1628 276 1692 in
299 1628 373 1712 ipso
394 1628 499 1714 primo
516 1626 641 1692 Punico
664 1623 749 1691 bello
765 1625 928 1708 stipendia
945 1623 1102 1692 Naevium
1121 1626 1295 1710 meruisse,

244 1715 330 1798 quod
360 1712 482 1798 duplici
512 1711 609 1778 modo
640 1709 711 1775 lieri
732 1711 848 1794 potuit.
892 1709 930 1775 Si
953 1710 1038 1776 enim
1067 1712 1149 1777 civis
1171 1713 1295 1779 Roma·

242 1818 305 1862 nus
328 1810 410 1878 erat,
433 1799 466 1862 in
487 1797 684 1882 legionibus
707 1796 737 1860 si
752 1795 899 1879 Latinus
919 1797 952 1860 in
973 1797 1075 1862 sociis
1097 1797 1247 1864 militavit
1257 1800 1295 1884 3)

242 1896 350 2031 ppeta.
395 1883 463 1950 Sed
485 1883 551 1949 hoc
575 1883 673 1947 etiem
693 1881 727 1946 in
749 1879 845 1960 loco,
867 1892 903 1947 nt
924 1881 956 1945 in
983 1880 1151 1966 plurimis,
1175 1885 1229 1970 qui
1251 1885 1296 1948 ad

274 1969 358 2033 aerii
382 1969 482 2034 vitam
511 1978 682 2052 spectant,
713 1967 863 2032 omuibus
886 1967 1030 2033 destituti
1060 1990 1174 2034 sumus
1203 1969 1295 2034 testi·
1408 1981 1409 2004 *

241 2055 369 2119 moniis.
414 2054 511 2119 Unde
533 2051 580 2134 fit,
605 2063 640 2118 ut
662 2050 974 2118 verisimilitudinem
989 2051 1188 2120 Academico
1212 2076 1296 2139 quo·

241 2140 316 2202 dem
339 2160 430 2204 more
454 2139 549 2224 sequi
569 2161 631 2206 nos
651 2147 810 2223 oporteat.
853 2135 936 2202 illibi
953 2148 1071 2218 autem,
1087 2141 1295 2224 quemadmo-

240 2223 316 2286 dum
339 2225 427 2302 dixi,
450 2225 640 2308 Campanus
661 2221 762 2288 homo
784 2223 930 2288 Naevius
960 2243 1037 2288 esse
1065 2246 1132 2290 non
1153 2225 1293 2291 videtur.

240 2307 425 2374 Rauranum
466 2320 576 2374 autem
614 2319 746 2392 poetam
782 2306 908 2385 luisse,
943 2329 984 2373 ex
1016 2328 1056 2374 eo
1090 2309 1294 2394 intelligitur,

240 2393 327 2478 quod
366 2395 410 2458 ab
448 2395 617 2472 omnibuS,
648 2393 703 2476 qui
742 2391 783 2458 de
823 2393 937 2476 primis
970 2393 1140 2460 Romanae
1179 2397 1295 2479 poesis

240 2477 448 2544 incrementis
485 2480 588 2545 verba
630 2475 801 2556 lecerunt,
833 2478 945 2560 Livio,
975 2489 1010 2544 ut
1041 2479 1189 2558 Graeco,
1227 2481 1296 2545 En-

238 2565 314 2643 nio,
353 2575 388 2630 ut
430 2566 636 2648 semigraeco
676 2562 834 2640 homini,
858 2564 1042 2650 opponitur.
1066 2569 1098 2650 ⁴)
1162 2565 1294 2632 Praete·

238 2669 295 2714 rea
334 2670 373 2715 co
406 2660 479 2714 erat
520 2649 652 2734 ingenio
685 2669 763 2712 vere
799 2649 950 2714 Romano
990 2649 1045 2714 bic
1078 2651 1149 2728 vir,
1183 2662 1218 2717 ot
1251 2653 1295 2718 de

238 2733 347 2820 petria
369 2732 444 2820 ejus
465 2755 509 2800 ne
531 2737 667 2814 verbum
698 2733 827 2818 quidem
857 2735 890 2798 in
914 2739 986 2820 ejus
1011 2736 1196 2801 inveniatur
1217 2735 1294 2802 reli·

239 2819 335 2906 quus,
362 2831 463 2905 utque
485 2819 596 2886 nullus
617 2820 682 2884 seri
709 2831 761 2882 tor
782 2817 952 2886 Romanus
975 2820 1048 2906 ejus
1070 2824 1210 2906 patriam
1232 2844 1294 2888 no-

238 2908 356 2984 minet,
390 2926 465 2970 cum
494 2915 604 2974 tamen
625 2906 666 2968 de
686 2841 793 2983 livii,
818 2903 937 2994 Ennii,
971 2905 1078 2970 Plauti
1109 2909 1218 2991 patria
1245 2907 1294 2974 di·

237 2999 327 3055 serte
351 2993 508 3056 scribant.
545 2992 592 3056 At
619 3000 750 3075 poterat
780 3009 856 3055 esse
879 2987 1070 3074 Campanus
1093 3001 1150 3058 aut
1180 3012 1295 3080 eques,

237 3075 350 3158 itaque
380 3075 463 3139 civis
486 3076 667 3154 Romanum
690 3085 748 3142 eut
771 3095 791 3140 e
811 3075 909 3160 plebe
932 3076 1113 3161 Campana,
1136 3089 1169 3144 et
1191 3099 1212 3143 a
1234 3100 1294 3162 po·

236 3157 317 3245 pulo
340 3157 394 3223 vel
424 3158 522 3244 plebe
543 3161 714 3239 Romana,
745 3172 780 3224 ut
802 3182 823 3226 a
852 3160 1016 3227 nobilibus
1037 3163 1184 3243 EnniuS,
1214 3165 1294 3229 civi·

237 3254 306 3310 tate
329 3244 456 3309 donari.
501 3246 567 3311 Sed
596 3245 637 3309 de
658 3244 726 3310 hoe
747 3265 789 3310 ne
811 3248 945 3312 verbum
968 3249 1097 3333 quidem
1120 3270 1183 3315 nee
1204 3249 1295 3333 apud

237 3327 346 3416 ipsum
369 3350 432 3395 nec
457 3330 544 3417 apud
569 3341 699 3396 ceteros
714 3331 903 3416 'scriptores
925 3331 1096 3400 Romanos
1118 3336 1294 3414 invenitur,

238 3417 313 3482 dum
346 3415 472 3484 Ennius
502 3413 674 3482 exsultans
703 3415 772 3482 lere
803 3415 928 3485 laetitia
956 3418 991 3486 in
1020 3421 1094 3506 ipso
1116 3419 1295 3488 Annalium

241 3557 447 3572 „nonan—un·-

309 3627 335 3693 1)
360 3628 422 3681 nell.
449 3630 524 3704 plor.
541 3625 575 3683 ll.
592 3626 619 3684 2.
637 3627 680 3684 bd.
738 3627 771 3698 l)
797 3626 887 3684 Paul.
912 3626 1062 3686 Diaconos
1084 3645 1109 3684 ι.
1122 3645 1149 3684 a.
1176 3627 1298 3684 barbari

236 3727 306 3785 pap.
330 3710 372 3766 db
399 3711 444 3766 ed.
468 3713 603 3769 Mueller.
645 3711 787 3768 Dorallle·
808 3714 848 3768 od
868 3713 979 3771 Cbcrlt.
1002 3732 1074 3789 pap.
1098 3713 1167 3778 526;
1191 3713 1297 3770 unde·

238 3811 329 3852 mann
353 3794 394 3850 ud
410 3795 514 3854 Plaul.
536 3797 666 3854 Tritium.
680 3795 759 3870 prol.
779 3795 819 3852 19.
870 3797 973 3854 Duker
989 3799 1030 3857 ad
1048 3799 1170 3854 Elorum
1187 3797 1208 3853 l.
1224 3813 1296 3870 pap.

237 3879 279 3934 36.
306 3876 337 3933 ll.
361 3895 435 3952 pap.
460 3881 521 3937 885.
547 3883 592 3937 ed.
618 3882 698 3955 napa.
747 3883 779 3954 3)
798 3880 1003 3955 Hopfemaclc,
1031 3881 1218 3940 Slaatmcbt
1242 3881 1298 3936 der

242 3963 440 4020 &arenearum
476 3965 530 4018 der
560 3967 672 4022 Rtmer
699 3983 771 4040 pap.
805 3967 848 4023 lb.
891 3985 951 4040 sqq.
1026 3969 1063 4036 l)
1088 3965 1237 4022 moneor
1269 3977 1298 4022 et

238 4049 346 4108 heracl
369 4052 406 4108 dc
428 4065 517 4104 versu
542 4045 683 4107 Saturnio
700 4068 773 4124 pap.
798 4053 851 4116 2⁰3
884 4049 1012 4108 Gratum
1035 4055 1067 4106 ln
1090 4049 1196 4108 noenu
1221 4051 1297 4106 libro

240 4131 372 4210 Sproclte
398 4135 452 4192 der
471 4131 645 4188 lidnrlseben
664 4133 774 4208 Epiker
785 4135 929 4208 puplii.
948 4142 977 4190 et
995 4135 1063 4197 2903
1081 4138 1158 4193 adde
1176 4133 1296 4194 Sueten

233 4218 270 4274 ule
292 4219 398 4276 illustr.
415 4235 544 4294 mamm.
563 4218 596 4288 li
616 4217 716 4278 ream
730 4237 800 4294 pap.
818 4219 877 4276 Μ.
897 4219 940 4275 ed.
960 4217 1094 4276 Mueller.
1187 4273 1191 4291 ἲ
