2802 4908
621 339 898 414 -mn-
1017 446 1019 450 ι

248 547 333 622 eptas
353 545 474 597 remus
492 527 540 595 ita
560 519 790 608 interpretetus
810 517 980 605 Bergkius
992 526 1045 601 ¹)·:
1069 520 1221 602 uidetur,
1250 523 1297 588 iu-

248 622 328 708 quit,
361 617 518 684 crannus
540 612 630 692 duos
649 609 792 674 tantm
812 610 849 672 in
870 624 1001 674 saeuam
1031 608 1220 688 inclituisse,
1236 613 1301 674 al-

248 697 352 774 tarum
373 701 577 788 antiquitatis
607 697 859 773 tenacissimum,
880 695 1013 758 novitiis
1034 698 1173 762 alterum
1203 699 1301 760 mcii-

250 795 308 860 bns
338 790 507 856 imbutum:
535 795 567 851 et
594 786 651 850 ille
680 783 807 870 quictem.
856 783 913 866 qui
941 779 1083 846 nandum
1113 803 1136 847 a
1164 791 1302 867 patrum

251 885 370 946 uirtute
399 875 598 950 desciuerat,
630 871 735 936 ninus
749 828 888 954 'uirilem
911 867 1092 934 liberaliter
1113 878 1187 933 erut
1209 873 1302 933 insti-

252 975 363 1044 tutus,
393 971 429 1030 at
456 959 674 1044 mmte'leyes
697 953 831 1022 rauba
852 963 884 1019 et
904 955 939 1020 in
962 956 1031 1018 cita
1051 956 1183 1042 aqenda
1212 978 1303 1022 euse-

254 1053 430 1142 quebatur:
451 1045 686 1118 alterantibus
706 1051 738 1108 ct
760 1042 864 1108 literis
883 1044 1045 1116 encrultus,
1066 1043 1154 1126 juris
1174 1065 1304 1130 quaqua

254 1140 422 1209 scientiam
443 1134 506 1204 sibi.
526 1135 778 1218 comparaverat
800 1135 832 1194 et
856 1129 891 1192 iu
910 1129 1097 1212 forensibus
1119 1133 1230 1194 cauus
1251 1150 1305 1194 sa-

256 1232 298 1293 tis
318 1231 392 1290 erat
412 1228 570 1286 uersutus.
613 1217 709 1282 Addo
734 1216 774 1279 de
793 1214 973 1279 Naevianis
1004 1217 1176 1280 versibus:
1207 1237 1307 1300 pree-

259 1308 428 1378 dicaveret
455 1305 575 1392 aliquis
605 1305 647 1367 de
675 1304 782 1367 amico
815 1322 895 1378 suo,
923 1301 1013 1366 hunc
1034 1299 1127 1384 leges
1148 1304 1308 1366 memoria

258 1398 380 1484 optime
401 1405 526 1472 tenere,
548 1391 634 1477 quad
657 1409 744 1466 cum,
767 1386 822 1472 qui
844 1389 991 1466 aderant,
1015 1389 1104 1452 credi
1125 1409 1227 1472 posse
1250 1409 1308 1452 ne·

260 1493 387 1570 gerent,
409 1478 510 1566 quid-l
534 1479 595 1558 uit,
616 1474 650 1540 si·
667 1485 776 1540 meent
797 1473 885 1538 alter
903 1475 974 1557 (qui
996 1471 1142 1541 tabulam
1162 1477 1309 1562 tenebat,

261 1584 294 1636 et
315 1589 423 1657 quem,
445 1585 519 1632 cum
539 1563 596 1630 illo
618 1559 728 1645 legum
749 1561 855 1644 perito
876 1558 1094 1639 collocutum,
1127 1561 1175 1627 illi
1202 1561 1312 1646 signis

260 1655 315 1721 vel
337 1655 469 1721 nutibus
488 1649 636 1734 leges-in
660 1647 849 1712 memoriam
870 1657 1034 1724 revocare
1053 1649 1229 1730 putabant)
1252 1669 1310 1712 us·

262 1763 327 1828 que
349 1742 425 1807 dum
446 1737 531 1819 alter
553 1745 677 1813 tentum
699 1731 824 1818 legem,
854 1753 950 1816 quam
974 1754 1051 1797 mox
1073 1736 1236 1813 recitabit,
1259 1755 1313 1800 se·

264 1823 338 1894 aem
366 1823 629 1890 *consideraverit
657 1821 711 1904 (iri
738 1820 823 1884 enim
857 1828 926 1900 est,
954 1822 984 1884 si
1013 1827 1123 1884 taceat
1155 1821 1231 1886 dum
1264 1825 1315 1887 ai-

265 1917 423 1994 deat2));
445 1910 543 1996 quirit
565 1909 596 1974 si
616 1904 825 1972 nihilominus
846 1905 943 1984 sciat,
966 1906 1044 1991 quid
1064 1907 1224 1992 seriptum
1245 1908 1317 1976 sit't

350 2020 474 2090 similis
495 2020 596 2086 etiam
615 2027 668 2084 est
687 2013 949 2102 locus-Philyllii
971 2017 1097 2084 contisi.
1112 2019 1146 2101 ³)

756 2165 811 2234 Ὦ.
832 2233 835 2236 ,

352 2276 584 2360 Asconius⁴):
608 2237 774 2360 anticuum
799 2273 922 2340 Naeuii
942 2280 1020 2368 ast:⁴

357 2415 361 2424 ·
473 2375 545 2468 fatti
564 2389 688 2449 Metelli
707 2389 831 2471 Bimae
848 2389 929 2467 fiunt
950 2390 1104 2464 cbnsules,

270 2499 323 2563 cui
352 2504 429 2575 tuuc
463 2494 619 2570 Metellus
652 2489 776 2572 Consul
803 2494 911 2559 iratus
939 2493 1156 2580 responderat
1176 2499 1319 2562 senaria

269 2581 547 2670 bfflrcruutalectm
562 2580 627 2670 ¹qui
647 2586 680 2644 et
702 2577 883 2644 Saturnius
906 2590 1061 2646 uocatur:

478 2670 594 2758 antiit
619 2695 734 2756 malum
755 2697 879 2758 Metilii
899 2697 1019 2758 Νάευίο
1039 2685 1171 2773 peltae,

272 2801 313 2870 de
333 2817 399 2892 qnia
415 2803 567 2886 paradia
585 2801 749 2872 subtiliter
769 2803 856 2868 tien
881 2801 1018 2870 Cicera:
1047 2811 1085 2870 te
1104 2823 1186 2868 uon
1206 2803 1318 2892 fata,

175 2955 176 2960 ,
271 2898 316 2956 ut
336 2897 506 2954 ceteras
526 2911 545 2954 e
565 2896 711 2956 uestra
730 2890 920 2977 familia.

285 3047 290 3056 -
319 3043 323 3052 -
359 2999 500 3072 Versum
531 2998 737 3066 Naeuianum
767 3021 829 3085 pro
861 3001 1008 3078 saturnio
1040 2999 1224 3067 habuerunt
1255 2999 1320 3064 viri

273 3085 363 3151 docti
390 3107 523 3164 amnes,
546 3087 696 3170 quamvis
726 3097 759 3150 et
789 3086 931 3171 optimus
959 3089 1003 3152 sit
1031 3087 1182 3154 senarius
1211 3094 1245 3151 et
1275 3086 1320 3152 ab

273 3171 420 3254 Asconio
442 3169 527 3235 alter
549 3183 671 3236 tantum
692 3169 817 3236 Metelli
837 3194 955 3240 versus
985 3175 1152 3239 saturnius
1180 3173 1320 3250 dicutur,

275 3269 309 3324 et
328 3277 350 3322 e
371 3257 590 3340 grammaticis
602 3259 645 3338 ⁵),
667 3258 722 3344 qui
744 3258 785 3322 de
806 3260 954 3326 saturnio
975 3270 1080 3346 metra
1104 3261 1320 3343 scripserunt,

273 3341 399 3410 Metelli
420 3339 527 3408 solum
548 3362 665 3408 versus
687 3365 747 3429 pro
770 3344 921 3431 exemplo
943 3345 1143 3411 adhibeatur.
1187 3345 1255 3410 Sed
1279 3343 1321 3406 de

273 3429 327 3495 his
355 3450 457 3514 supra
486 3429 680 3515 exposui⁶).
730 3429 818 3495 lusto
852 3443 960 3496 temen
991 3433 1097 3516 magis
1127 3430 1322 3496 temerarius

274 3525 327 3583 est
353 3515 609 3602 Schuettiusl),
631 3517 706 3603 qui,
735 3526 770 3584 ut
791 3516 986 3590 Saturnium,
1007 3537 1144 3588 versum
1161 3515 1324 3595 efficeret,

273 3603 321 3682 lta
339 3602 494 3679 mutavit:

483 3717 690 3780 turanorum
718 3717 798 3778 fiunt
822 3719 973 3782 Consules
995 3719 1113 3780 Metelli

273 3818 400 3889 Vesus
422 3811 489 3888 nan
510 3823 554 3892 ab
575 3823 735 3892 Punicum
755 3822 888 3906 bellum,
910 3825 970 3891 sed
992 3825 1035 3891 ad
1056 3821 1201 3894 sabulum
1221 3822 1326 3908 perti·

274 3917 333 3974 utu¹
349 3927 439 3974 unua
460 3907 702 3984 nxxxxvffl.
725 3928 759 3996 p.
780 3925 867 4019 uc.
891 3912 1011 3978 editam
1023 3913 1067 3996 ⁸).

285 4079 310 4123 Γ
343 4085 374 4156 l)
389 4095 540 4143 eammeru.
560 4090 596 4144 de
612 4089 743 4160 reliquiis
758 4107 829 4165 caru.
843 4089 932 4146 Attia.
948 4093 1037 4162 antiq.
1051 4107 1123 4162 pau.
1142 4091 1201 4146 139.
1242 4085 1274 4154 2)
1284 4083 1329 4156 cf.

273 4167 362 4226 Beier·
385 4174 427 4229 ad
447 4171 536 4229 θίαν.
554 4173 591 4227 rle
612 4171 701 4244 offlt.
721 4179 762 4234 18.
781 4181 824 4236 59.
877 4178 907 4246 3)
926 4175 965 4248 cf·
984 4175 1117 4233 Meinelte
1134 4173 1153 4229 l.
1168 4174 1188 4228 l.
1204 4169 1236 4226 11.
1249 4189 1329 4244 paq.

274 4259 334 4313 86&
386 4262 418 4332 t)
444 4259 486 4315 ad
511 4253 600 4312 uuer.
625 4255 731 4312 Verria.
751 4258 829 4319 lto.
848 4267 891 4321 29.
951 4261 1049 4332 5)ss.
1065 4278 1136 4334 puy.
1154 4264 1195 4318 15.
1220 4265 1281 4313 nat.
1297 4261 1330 4314 5.
1395 4285 1396 4290 1

257 4341 305 4412 ’6)
321 4357 389 4415 paq.
408 4349 449 4400 18.
501 4343 529 4412 7)
547 4343 584 4398 de
605 4342 654 4400 Cn.
672 4343 762 4403 Naer.
778 4355 855 4423 poet.
868 4364 940 4424 pau.
958 4351 999 4405 17.
1052 4348 1083 4416 8)
1100 4345 1141 4417 cs·
1156 4361 1225 4420 paq.
1246 4347 1290 4402 18.
