2802 4908
605 329 656 362 ->
708 311 878 404 iss,-

219 507 335 566 eontra
365 495 541 580 superbam
574 487 785 558 Claudiorum
821 501 949 574 gentem
982 491 1126 574 scriptos
1158 486 1264 566 inisse

219 583 372 664 affirmat,
392 581 436 644 ita
459 591 578 660 tamen,
599 588 644 659 ut,
665 596 878 664 quaeeunque
899 578 1034 660 exponit
1054 587 1088 644 et
1109 577 1265 661 disputat,

219 671 319 736 meris
340 665 540 732 con‘eoturis
568 663 720 732 nitantur.
770 661 821 730 De
853 661 991 730 Claudio
1023 666 1109 730 enim
1143 666 1266 745 Glicia,

219 755 378 822 vilissimo
400 687 617 832 iromuuoulo,
645 767 766 814 versus
792 747 978 816 intellectos
999 749 1088 832 vult,
1110 752 1166 838 qui
1188 774 1266 818 cum

219 863 242 908 a
263 841 455 924 magistratu
483 857 545 904 suo
568 855 647 904 mox
666 835 824 900 abdicare
852 855 929 900 sese
951 849 1145 918 cogeretur,
1173 840 1268 904 inani

120 959 121 962 ¹
220 939 330 994 tamen
351 923 527 992 ambitione
548 923 667 988 ductus
686 932 910 1005 praetextatus
936 922 970 986 in
992 921 1079 989 ludis
1099 922 1267 991 Circensi-

219 1015 282 1080 bus
306 1009 491 1079 emittendis
525 1007 695 1094 quadrigis
715 1007 843 1091 signum
866 1008 1001 1074 dederit.
1043 1009 1099 1088 At,
1126 1031 1267 1096 quaeso,

220 1101 294 1185 quis
309 1117 452 1182 unquam
468 1117 487 1160 e
502 1093 753 1180 simplicissimis
771 1094 881 1158 verbis
894 1095 1074 1161 Naevianis
1088 1095 1174 1162 haec
1192 1119 1267 1163 eru-

220 1207 277 1251 ere
300 1184 418 1288 possit³
440 1201 504 1247 non
528 1179 626 1264 longe
648 1178 754 1244 solum
776 1181 895 1264 petita,
924 1183 983 1246 sed
1005 1183 1048 1248 ab
1070 1184 1156 1248 omni
1179 1187 1268 1249 veri-

221 1270 478 1338 similitudinrss
522 1267 574 1331 oie
593 1265 827 1332 abhorrentia?
871 1267 1045 1334 Praeterea
1065 1270 1098 1334 in
1121 1273 1269 1336 carmine
1392 1291 1393 1352 3

221 1359 263 1424 de
285 1357 409 1422 Punico
437 1356 479 1420 be
493 1353 526 1418 lo
555 1353 715 1418 neminem
737 1351 959 1420 Romanorum
991 1356 1157 1440 carpsisse
1179 1357 1267 1422 Nae-

221 1445 309 1509 vium
339 1442 497 1517 arbitror,
526 1459 600 1504 cum
628 1447 760 1505 car'rrren
789 1436 923 1504 illudio
946 1438 1059 1507 ultimo
1085 1445 1267 1508 senectutis

222 1530 326 1615 gradu
348 1525 570 1611 conscriptum
591 1543 646 1588 res
663 1523 849 1588 levissimas
868 1540 944 1592 ante
963 1528 1096 1612 triginta
1115 1527 1267 1594 lere‘an·

220 1637 286 1682 nos
316 1614 427 1680 factas
457 1611 631 1696 repetiisse
660 1610 718 1674 vix
751 1610 907 1676 credibile
928 1613 980 1680 sit.
1022 1615 1137 1701 Neque
1171 1613 1272 1680 loeus

222 1710 312 1805 erat,
341 1701 460 1775 oredo,
491 1695 828 1764 maledicendosatis
856 1707 954 1784 aptus
975 1699 1010 1764 in
1032 1701 1177 1767 carmine
1199 1701 1270 1769 hoc

208 1807 328 1874 eprco.

306 1897 447 1964 Metram
464 1893 644 1986 jambioum
665 1903 725 1959 est.

730 2072 762 2138 i.

260 2203 265 2214 “
307 2195 481 2279 Varro¹):
509 2213 666 2278 sponsus,
693 2211 902 2280 conspuimus.
950 2193 1024 2259 Hoc
1048 2195 1195 2262 Naeuius
1224 2201 1270 2264 ri-

219 2283 368 2372 9nificat,
391 2302 462 2346 cum
483 2283 548 2345 cit:

640 2395 810 2470 consponsi

222 2505 415 2587 coatsponsis
437 2500 526 2565 editt.
542 2497 651 2564 Vertr.
671 2497 806 2583 Seiopp.
848 2497 1073 2568 confuderunt
1092 2501 1157 2570 hoc
1176 2501 1269 2588 frag·
1394 2575 1395 2580 γ

222 2601 365 2658 mentum
386 2609 461 2654 cum
482 2585 546 2654 alio
560 2589 591 2668 ²)
615 2585 767 2650 editores.

733 2739 763 2805 3.

307 2860 417 2927 Varro
430 2862 481 2940 ηε
508 2857 661 2944 praefica
695 2859 798 2938 dicto,
821 2867 856 2924 ut
878 2859 1034 2925 Aurelius
1054 2861 1179 2940 'scribit
1201 2886 1268 2928 mu-

224 2952 286 3016 tter
314 2947 356 3014 ab
387 2951 494 3025 emori,
524 2949 608 3031 q'uce
636 2945 892 3022 condonentur,
923 2967 1007 3032 quae
1035 2958 1113 3016 cote
1141 2953 1268 3017 donorum

222 3037 343 3099 mortui
365 3035 479 3099 laudes
509 3033 581 3118 ejas
601 3037 787 3112 εανιενεμ).
831 3033 904 3096 Ηοε
929 3037 1116 3118 factitatum
1138 3039 1269 3104 Aristo·

222 3123 301 3185 icles
323 3120 492 3184 scribilita
514 3118 617 3195 libre,
643 3121 699 3203 qui
721 3118 913 3184 inscribitur
933 3121 1068 3202 νόμιμα
1090 3126 1268 3206 βαρβαρι-

222 3208 280 3274 κά.
328 3205 453 3285 Qaitos
483 3205 692 3269 testimonium
720 3213 768 3270 esi
796 3207 884 3290 quod
907 3206 1030 3295 fretum
1052 3217 1101 3274 est
1126 3209 1269 3277 Naevii:

677 3322 756 3380 haec
779 3323 900 3399 quidem
923 3325 1038 3399 hercle,
1061 3322 1181 3401 opinor,

347 3403 495 3496 prdesieo
516 3412 575 3478 est,
598 3425 670 3466 uam
692 3410 845 3467 mdrturun
867 3411 1025 3470 collactat
1047 3453 1056 3469 .
1079 3454 1088 3471 .
1111 3455 1119 3472 .
1141 3454 1150 3470 .

222 3515 344 3604 fretum
372 3521 421 3579 est
453 3510 573 3592 Naeuii
603 3512 698 3576 codd.
722 3511 809 3578 Flor.
837 3514 946 3579 Hauu.
971 3516 1069 3582 Goth.
1092 3516 1166 3581 Par.
1191 3539 1212 3582 a
1235 3531 1271 3584 et

225 3603 255 3666 b.
278 3602 367 3665 editt
389 3597 465 3664 Ala
488 3599 565 3664 Bas.
591 3598 665 3662 Par.
692 3599 818 3684 Gryph.
841 3601 984 3688 August.
1007 3602 1162 3687 Speng.‚;
1180 3606 1271 3680 Ἑνε-

225 3695 290 3751 tum
322 3687 443 3751 Naevii
476 3686 566 3750 editt.
603 3683 710 3749 Vertr.
745 3685 900 3769 Sciopp.;
934 3689 1021 3774 qnod
1052 3692 1176 3777 sertum
1209 3701 1267 3757 est.

229 3773 350 3838 Ναενὶἰ
383 3773 457 3836 cod.
488 3771 616 3847 Vertr.;
651 3773 739 3857 quod
767 3773 891 3860 fretam
920 3783 968 3839 est
1000 3773 1148 3843 Naevius
1180 3779 1270 3846 editt

225 3929 431 3944 Μ

294 4019 324 4088 1)
343 4017 379 4072 da
395 4015 464 4089 ttnq.
483 4014 548 4072 Lat.
561 4033 632 4090 paq.
647 4021 699 4076 247
718 4015 823 4094 Spera.
874 4022 906 4088 2)
925 4019 963 4090 cs.
981 4020 1091 4097 srcqm.
1110 4024 1226 4080 Romi.
1243 4030 1271 4082 8.

225 4104 255 4168 3)
273 4101 308 4154 de
325 4101 393 4174 linc.
419 4099 485 4156 Lat.
505 4118 578 4176 pay.
594 4107 643 4160 351
668 4099 775 4176 aspona.
833 4105 862 4172 l)
884 4105 923 4176 ef,
951 4105 1085 4165 Bectler’r
1111 4109 1212 4166 Gallus
1237 4111 1271 4166 ll.

221 4203 293 4346 m.
311 4184 503 4328 ξξνὲοἰῗίἱνίεί
532 4183 761 4242 coarat-tertulla
792 4188 843 4244 cler
878 4193 994 4250 antikert
1020 4193 1273 4269 Historioqraplrie
