2828 4892
663 275 913 346 ..36-

398 467 466 526 Bat.
500 461 590 523 1620.
621 463 651 523 8.
682 481 752 540 pag.
785 458 835 522 45.
857 491 897 505 ·-
929 464 999 537 qui,
1030 464 1164 539 quamvis
1191 467 1316 542 tragoe-

400 553 517 611 diarum
546 551 666 608 tanturn
698 547 843 624 reliquias
879 547 1025 626 colligere
1056 549 1207 620 voluerit,
1237 567 1317 606 non·

402 636 486 695 nulle
514 638 617 696 temen
645 635 677 692 in
706 634 848 708 incertis,
881 652 960 710 quae
994 633 1088 709 dicii,
1119 635 1213 694 habet
1243 634 1319 693 belli

400 721 509 780 Punici
531 720 712 800 fragmenta.
747 718 814 779 Nou
837 719 1060 779 contemnenda
1081 739 1222 799 magnam
1243 737 1319 795 par-

330 813 343 874 f
401 814 463 866 tem
487 810 568 879 sunt,
592 825 669 882 quae
693 803 848 864 adnotavit
869 806 1003 865 Vossius.

274 932 332 994 Ph.
356 930 383 988 1.
407 927 446 986 ab
468 925 680 988 Almeloveen:
717 925 867 1003 opuscula
897 926 958 982 sire
989 924 1202 998 antiquitatum
1227 942 1243 980 e
1268 941 1319 980 sa-

402 1013 461 1072 cris
491 1010 689 1088 profanarum
722 1012 893 1088 specimen3
928 1009 1144 1085 conjectanea,
1178 1012 1319 1066 veterum

401 1101 560 1174 poetarum
582 1096 754 1173 fragmenta
775 1099 812 1155 et'
826 1097 1042 1174 plagiariorum
1065 1089 1209 1167 syllabus.
1244 1094 1319 1152 Am-

402 1181 560 1241 stelodami
594 1177 686 1241 1686.
722 1181 771 1240 19.
787 1213 829 1224 -
861 1182 913 1256 qui
945 1179 1019 1238 nihil
1051 1179 1089 1238 ad
1119 1178 1222 1238 Naeuii
1254 1179 1320 1237 ira·

404 1277 525 1346 gmenta
547 1271 600 1324 aut
622 1267 794 1346 colligenda
816 1271 870 1326 out
893 1265 1081 1324 emendanda
1102 1265 1213 1322 attulit.
1258 1264 1319 1322 Ce-

403 1359 502 1412 terum
517 1352 599 1411 hunc
615 1351 753 1412 libellum
768 1353 916 1412 Clementi
931 1352 960 1425 ¹)
982 1353 1072 1409 vocat
1084 1370 1148 1427 peu
1167 1369 1320 1408 cornmun.

277 1471 407 1548 Godosr.
429 1472 631 1531 Hemannus
658 1473 690 1529 in
710 1472 878 1531 Elementis
901 1471 1057 1529 doctrinae
1081 1471 1226 1527 metricae
1246 1487 1320 1547 pag.

404 1554 484 1628 629,
513 1555 602 1634 cujus
631 1558 687 1614 viri
719 1575 836 1616 summa
865 1560 937 1615 sunt
959 1555 996 1613 de
1017 1555 1120 1614 Naevii
1141 1556 1322 1633 fragmentis

402 1642 519 1702 marite.
561 1641 600 1700 Id
620 1643 739 1702 tantum
760 1641 924 1702 dolendum
947 1644 1003 1715 est,
1024 1642 1233 1700 Hermannum
1254 1659 1322 1698 me-

404 1729 515 1786 tricum
537 1727 646 1802 solum,
669 1746 730 1787 non
752 1730 951 1805 interpretem
973 1746 1005 1787 se
1028 1727 1206 1786 exhibuisse.

277 1851 306 1908 Ι.
328 1848 370 1907 H}
393 1847 459 1906 Bot
511 1868 522 1906 .·
551 1849 712 1924 poetarum
739 1847 819 1908 Latii
841 1849 1033 1906 scenicorum
1054 1847 1241 1924 fragmenta,
1265 1861 1321 1902 vo-

402 1933 466 1989 lum
536 1934 675 2008 quintum
704 1937 736 1991 et
775 1935 891 1992 sertum
923 1932 1089 1992 Poetarum
1121 1931 1322 1989 scenicorum

398 2017 586 2076 Latinorum.
621 2019 740 2096 Lipsiae
775 2017 874 2092 1834,
906 2018 956 2077 rel
976 2018 1080 2094 potius
1112 2014 1323 2076 Helberstedii

407 2099 488 2160 1823
522 2103 608 2178 (nam
640 2105 734 2162 totius
765 2103 836 2162 libri
867 2095 1024 2180 inscriptio
1056 2105 1173 2161 tantum
1203 2101 1322 2158 mutata

404 2185 477 2263 est).
513 2187 550 2248 In
567 2191 692 2249 incertis
714 2188 938 2267 tragoediarum
952 2185 985 2269 2)
1002 2192 1033 2248 et
1050 2185 1274 2246 comoediarum
1287 2183 1322 2263 3)
1407 2187 1408 2260 f

403 2271 581 2350 fragmentis
611 2275 707 2333 multa
728 2274 829 2348 habet,
861 2293 938 2350 qnae
963 2273 1001 2334 ad
1031 2272 1145 2332 bellum
1167 2269 1321 2331 Punicum
1407 2273 1408 2302 l

402 2357 566 2432 pertinent.
609 2357 676 2418 Non
697 2377 798 2437 panca
820 2363 892 2418 sunt
918 2359 948 2418 in
977 2357 1037 2419 hoc
1065 2358 1143 2417 libro
1166 2357 1323 2416 temerita-

401 2441 441 2498 tis
463 2441 585 2501 indicia.

276 2543 316 2603 E.
334 2542 368 2604 S.
392 2539 536 2621 (Esaias
550 2541 818 2624 mammem).-
840 2547 944 2623 Quinti
965 2545 1057 2604 Ennii
1080 2544 1234 2606 annalium
1254 2543 1322 2602 ire-

402 2632 547 2704 gmenta3
580 2629 732 2689 accedunt
761 2631 817 2690 Cn.
848 2632 951 2692 Naeuii
988 2631 1141 2690 librornm'
1168 2630 1206 2688 ‹le
1236 2628 1322 2688 bello

321 2741 325 2747 ·
401 2712 520 2771 Punico
542 2712 723 2792 fragmenta.
745 2715 866 2794 Lipsiae
881 2715 971 2776 1825.
984 2716 1014 2776 8.
1042 2717 1224 2797 Fragmenta
1242 2733 1322 2773 non-

326 2797 330 2814 ¹
403 2815 558 2873 nunquam
593 2799 726 2861 feliciter
762 2804 923 2879 explicuit,
959 2804 990 2861 in
1029 2802 1183 2879 plerisque
1218 2802 1323 2860 tumen

401 2883 494 2942 rebus
516 2885 653 2944 Merulae
676 2889 859 2966 mancipium
882 2889 942 2946 dici
964 2891 1081 2965 potest.

274 2992 317 3052 H.
340 2993 503 3056 Duentzer
524 3003 555 3054 et
576 2995 717 3058 Lersch:
743 2997 780 3058 de
803 3017 893 3058 rersu
918 3018 1007 3074 quem
1029 3001 1141 3057 vocent
1163 2998 1319 3058 Saturnio.

400 3079 527 3138 Bonnae
540 3078 630 3140 1839.
641 3081 669 3142 8.
693 3084 812 3143 Horum
821 3087 953 3143 virorum
962 3086 1047 3161 prior
1060 3084 1269 3160 conjecturam
1282 3083 1321 3142 de

401 3164 469 3240 ipso
491 3182 583 3223 versu
604 3167 748 3228 Saturnio
770 3187 857 3229 suam
878 3171 1043 3248 praemisit,
1065 3170 1220 3246 posterior
1235 3169 1321 3247 frag-

400 3251 504 3306 menta
513 3248 667 3323 Odysseae
683 3254 825 3313 Livianae
842 3259 873 3314 et
884 3255 956 3314 belli
971 3255 1081 3314 Punici
1096 3255 1240 3316 Naeuiani
1256 3253 1319 3313 col-

400 3333 476 3412 legit
494 3337 525 3394 et
540 3333 579 3393 ad
594 3335 692 3414 legem
710 3358 728 3398 a
744 3359 776 3398 se
799 3343 944 3418 socioque
968 3343 1167 3420 excogitatam
1187 3339 1320 3398 ridiculo

400 3419 533 3496 quodam
554 3422 644 3481 modo
667 3443 705 3482 ne
728 3425 827 3484 dicam
848 3428 879 3485 in
900 3444 1007 3486 versus
1030 3428 1149 3506 coegit,
1175 3425 1229 3485 sed
1250 3425 1321 3484 icti-

398 3505 458 3565 bus
481 3505 735 3586 superimpositis,
759 3511 893 3586 syllabas
922 3515 1059 3586 tantum,
1079 3531 1140 3572 non
1164 3511 1321 3588 quantitu-

399 3595 462 3651 tem
487 3611 663 3668 numerans,
693 3614 804 3655 novum
834 3598 904 3656 inde
937 3597 1158 3673 quodammodo
1187 3598 1320 3655 metrum

400 3679 581 3753 composuit.
626 3679 769 3740 Ceterum
792 3681 829 3740 de
862 3684 1009 3762 augendis
1038 3702 1165 3760 parum,
1196 3682 1235 3742 de
1265 3700 1320 3741 ex-

398 3759 548 3836 plicandis
571 3765 708 3842 reliquiis
730 3785 793 3826 non
815 3772 1002 3828 meruerunt,

271 3871 308 3929 A.
337 3867 508 3933 Schuette:
542 3873 579 3936 de
609 3875 711 3937 Gnaeo
741 3877 853 3939 Naevio
884 3883 986 3960 poeta.
1030 3877 1188 3940 Particnls
1207 3877 1320 3954 prima.

396 3955 557 4034 Herbipoli
588 3960 681 4026 1811.
712 3959 784 4042 (sed
813 3967 870 4025 sub
900 3965 993 4025 finem
1024 3966 1144 4026 demum
1177 3963 1248 4022 anni
1270 3963 1321 4020 in-

274 4090 474 4108 *Q—-non-

338 4167 366 4235 Ῑ)
383 4165 581 4242 ffllwllteque
604 4179 732 4230 curiense
762 4175 840 4232 Tem.
864 4175 884 4232 1.
906 4196 977 4252 pap.
1001 4175 1061 4235 191.
1113 4175 1145 4247 1)
1170 4175 1189 4230 ἱ.
1207 4175 1227 4228 1.
1241 4191 1319 4250 paq.

267 4249 299 4304 91
318 4268 378 4322 sqq.
430 4253 459 4320 3)
477 4253 496 4307 1.
516 4254 536 4308 t.
551 4273 622 4329 pap.
640 4259 675 4312 ‘m
689 4279 746 4330 sqq.
1090 4271 1092 4275 ’
