2802 4908
498 359 546 374 *-
601 323 672 395 183
724 361 775 377 ν·

114 513 223 578 stare,
254 520 447 586 permanere
465 501 595 568 dicitnr.
639 499 783 582 Similis,
816 504 876 570 sed
897 501 986 570 haud
1007 501 1155 587 elegans,

113 587 326 655 Anaximenis
351 587 392 652 de
414 599 501 652 terra
523 588 593 652 adri
614 587 727 653 innixa
749 599 800 654 est
820 593 994 668 sententia,
1017 591 1073 675 qui
1092 601 1155 654 ter-

113 697 169 740 rae
190 675 309 758 ὥσπερ
333 676 504 759 καρδόπῳ
526 677 677 762 πλατείᾳ
707 677 848 759 βάθρον
876 677 938 744 τὸν
960 675 1051 759 ἀέρα
1074 677 1155 742 ὑπε-

114 763 223 842 pstea
240 763 283 844 ¹).
331 759 443 824 Possis
474 759 571 825 etiam
602 781 692 826 mare
716 760 878 828 concham
902 763 1086 829 caeruleam
1109 763 1157 826 di-

114 859 200 912 ctam
232 867 308 912 esse
340 847 548 926 existimare,
582 867 647 934 quo
677 847 922 922 circumfluente
951 848 1157 936 hemisphae·

111 935 192 1000 rium
216 933 371 1017 sepiatur.
1066 939 1068 946 ’

31 1027 34 1040 ·
199 1019 292 1084 Prior
319 1037 438 1084 versus
453 1037 490 1082 a
516 1015 669 1083 Varrone
699 1017 863 1103 allegatus
894 1018 990 1087 Ennii
1022 1027 1092 1098 est,
1123 1029 1159 1083 ut

112 1107 208 1190 cujus
231 1106 391 1171 Periboea
412 1113 445 1168 et
466 1103 698 1169 Andromache
720 1118 817 1172 antea
839 1107 1021 1184 laudentur,
1048 1115 1082 1169 et
1104 1105 1160 1191 qui

111 1194 236 1276 prinms
258 1207 362 1256 metro
393 1190 527 1254 heroico
556 1211 636 1254 usus
666 1193 710 1256 sit
724 1193 765 1276 Β).
809 1191 940 1276 Lapsus
962 1203 1071 1256 tamen
1092 1190 1160 1254 hoc

110 1297 243 1362 quoquc
272 1277 348 1342 loco
370 1275 507 1341 Rothius
543 1287 614 1356 est,
648 1279 702 1363 qui
733 1297 865 1342 versum
887 1279 1068 1344 Ennianum
1097 1297 1157 1362 pro

109 1364 283 1429 Naeviano
306 1375 339 1428 et
359 1363 565 1427 Naeuianum
595 1383 656 1448 pro
678 1361 897 1457 explicatione
918 1363 1006 1434 illius
1029 1383 1160 1442 versus,

112 1473 136 1518 a
157 1450 311 1517 Varrone
332 1447 440 1528 facta,
463 1447 573 1520 habet.
603 1451 605 1455 ’

605 1600 670 1688 (2)

202 1715 329 1780 Versus
361 1712 567 1795 anapaestici
596 1733 617 1777 a
647 1711 799 1778 Vonone
814 1715 846 1794 ⁸)
876 1712 968 1780 allati
997 1733 1040 1780 ex
1068 1709 1164 1778 Accii

112 1801 301 1868 Philoctete
324 1800 462 1862 desumti
485 1810 572 1877 sunt,
594 1797 679 1864 falso
703 1810 811 1866 tamen
833 1799 942 1866 adhuc
957 1801 1083 1868 Naevio
1106 1798 1163 1863 tri-

110 1890 196 1957 buti.
241 1888 325 1954 Sunt
345 1895 454 1950 autem
476 1884 528 1947 hi:

266 2001 270 2010 “
368 2020 478 2064 nemus
500 2002 665 2074 expirante
687 2018 805 2074 uapore
826 2001 917 2060 vides

371 2088 452 2149 urrde
471 2089 556 2168 xr'pur'r
580 2085 663 2144 cluet
683 2087 867 2146 mortalibus
889 2087 998 2150 diuis?

108 2197 218 2262 Error
239 2191 316 2258 inde
337 2190 507 2277 profectus
530 2199 591 2268 est,
615 2188 703 2273 quod
725 2191 798 2255 cod.
817 2189 928 2258 Vcrtr.
953 2201 986 2257 et
1007 2185 1166 2255 editiones

109 2282 189 2348 fere
219 2299 333 2344 omnes
363 2299 425 2362 pro
453 2296 564 2341 nemus
593 2274 747 2340 exhibent
773 2276 921 2342 Naeuius
928 2325 939 2357 ‚
970 2292 1168 2361 quamquam

109 2371 149 2434 in
176 2366 307 2450 optimis
326 2365 509 2454 quibusque
525 2362 621 2428 libris'
635 2363 879 2451 manuscriptis,
900 2373 935 2432 ut
950 2361 1039 2432 Flor.
1056 2359 1166 2428 Haun·
1272 2365 1281 2374 '

111 2451 220 2521 Goth.
243 2462 276 2517 et
297 2451 374 2516 Per.
399 2473 420 2516 a
440 2461 473 2516 et
494 2451 529 2534 b,
550 2467 660 2513 emaus
680 2447 811 2534 legitur.

631 2601 662 2665 3.

210 2713 313 2784 Varro
326 2717 381 2795 ⁴)=
403 2711 497 2796 apud
521 2710 701 2777 Naevium.-

331 2831 437 2890 eccum
460 2831 568 2888 uenire
588 2829 678 2889 video
696 2827 800 2906 ferme
820 2829 936 2910 injuria

109 2940 227 3028 ferme
247 2933 370 2999 dirutam
394 2935 482 3020 quod
503 2953 590 2998 rruuc
609 2936 695 3024 sere.

112 3027 246 3088 ciccum
276 3022 371 3085 codd.
403 3019 492 3084 Flor.
522 3020 627 3086 Haun.
659 3019 757 3086 Goth.
788 3019 864 3084 Per.
887 3040 916 3084 a.
948 3015 1039 3082 editt.
1065 3014 1171 3100 princ.

111 3111 219 3177 Rom.
231 3107 324 3173 1474.
347 3105 443 3172 Rbol.
463 3105 593 3172 Venett.
605 3107 627 3172 l.
643 3118 677 3172 et
692 3108 735 3174 Π.
752 3104 827 3174 Am.
844 3105 925 3174 Bas.
941 3103 1019 3170 Par.
1035 3099 1173 3186 Gryph.,

113 3217 210 3281 quae
232 3193 330 3259 lectio
355 3213 374 3258 c
395 3194 614 3277 praecedente
634 3215 731 3258 versu
753 3192 905 3258 Plautino
925 3188 1039 3267 fluxit3
1070 3191 1172 3254 cirum

114 3283 199 3348 cod.
224 3279 352 3359 Vertr.;
376 3283 498 3344 circum
519 3279 593 3344 cod.
617 3279 693 3348 Par.
715 3282 747 3358 b,
770 3297 884 3362 margo
906 3277 1100 3362 Augustin3
1122 3293 1172 3338 ec·

113 3389 198 3433 cum
226 3365 315 3431 editt.
339 3365 478 3448 August.
512 3365 622 3432 Vertr.
655 3366 792 3454 Sciopp.
822 3365 947 3452 Speng.
968 3360 1109 3452 'Muell3
1138 3361 1174 3424 iu

112 3467 177 3521 uia
202 3453 359 3544 Sciopp.3
385 3453 513 3540 injur-iu
534 3451 651 3542 reliqq.

581 3601 714 3671 derb.

214 3717 332 3784 Cicero
350 3721 402 3798 ⁵):
432 3717 543 3796 uobis,
571 3737 614 3780 ne
635 3717 664 3779 si
685 3715 855 3800 cupiamus
876 3715 1021 3800 quidem,
1055 3715 1175 3780 distro-

114 3808 206 3876 berc
227 3825 323 3870 voces
344 3803 544 3869 conceditur.
590 3801 745 3868 Indicant
779 3805 946 3868 orationes
973 3803 1055 3867 illae
1083 3803 1177 3886 ipsae

196 4051 226 4119 1)
251 4048 338 4106 verba
362 4058 428 4106 cunt
445 4051 581 4107 Platonis
605 4047 719 4105 Phaed.
739 4066 813 4124 pap.
827 4050 904 4108 99.t.
918 4049 968 4106 bd.
988 4046 1110 4124 &eph-e
1140 4049 1180 4122 cf.

121 4133 323 4209 Wpttenbccb
358 4134 398 4188 ad
423 4134 450 4188 b.
469 4135 490 4193 l.
518 4153 591 4212 paq.
616 4140 667 4194 255
699 4134 744 4191 cd.
774 4134 852 4208 Ltps.
922 4135 953 4206 2)
982 4135 1022 4206 cl.
1041 4155 1113 4212 pap.
1138 4142 1182 4198 86.

117 4229 155 4294 8)
179 4223 222 4277 de
239 4223 308 4296 ltnp.
327 4219 395 4276 tar.
418 4239 488 4295 pap·
506 4227 558 4282 295
574 4211 694 4298 Speuq
755 4221 786 4294 4)
812 4221 849 4278 dc
873 4221 942 4297 liup.
959 4221 1025 4279 lat.
1044 4241 1118 4299 pap.
1132 4227 1184 4282 369

129 4309 252 4383 spana.
304 4309 336 4378 5)
355 4305 438 4362 Orat.
460 4307 545 4364 XLV.
566 4314 624 4368 152.
