2802 4908
599 276 874 352 -214-

222 457 256 514 et
276 451 432 536 optinum
453 453 559 522 civem
580 461 710 542 poetam
732 457 825 538 dico,
855 479 930 526 eum
951 468 985 525 et
1006 459 1138 528 ndiitine
1159 479 1263 524 onera

222 547 339 602 contra
358 535 494 605 Poenos
521 563 560 608 se
587 543 730 610 subiisse
751 543 908 628 glorietur
923 551 973 626 ¹),
1006 558 1039 612 et
1068 547 1187 612 civium
1210 565 1262 609 ae-

223 621 411 704 qualitatem
440 627 637 696 examinibus
673 651 803 718 quoqne
837 633 906 696 suis
939 633 1021 698 tueri
1049 644 1083 696 et
1113 631 1262 697 stabilire

222 706 351 810 nitatur.
393 709 503 800 Atque
533 717 682 800 pertinax
708 715 774 784 hac
802 717 835 782 in
858 737 894 782 re
923 715 1003 798 fuit,
1034 739 1127 798 cum,
1150 738 1261 802 quam-

222 811 274 858 vrs
296 805 432 882 propter
451 797 731 884 maledicentiam,
758 814 795 868 nt
823 804 932 870 dicere
960 803 1086 885 solent,
1113 825 1208 868 suam
1227 803 1261 868 in

223 897 390 948 carcerem
419 883 585 964 publicum
615 889 736 957 missus
765 900 798 955 ct
826 890 940 956 mortis
972 887 1120 975 pericula
1141 907 1261 974 passus

222 977 329 1047 esset,
361 967 570 1040 nihilominus
598 977 642 1040 ab
670 976 779 1052 animo
808 996 870 1040 suo
899 976 1018 1041 cedere
1046 973 1169 1054 nollet,
1202 975 1285 1056 sed,

221 1063 358 1139 propter
378 1057 536 1149 eandem,
565 1083 631 1146 qna
658 1061 692 1125 in
721 1059 854 1128 vincula
875 1063 1046 1146 conjectus
1067 1074 1155 1142 erat,
1188 1083 1262 1126 oau-
1357 1101 1362 1117 .

156 1219 160 1228 ¹
221 1139 422 1224 semipsum
451 1142 582 1210 exilium
609 1168 790 1232 perpessus
810 1149 862 1213 sit.
905 1149 973 1214 Sed
1002 1147 1116 1231 populi
1146 1147 1261 1211 favore

190 1301 192 1304 ¹
222 1225 358 1326 papiens
379 1239 431 1292 est
449 1233 481 1311 2)
504 1241 537 1299 et
558 1253 632 1298 cnm
655 1234 835 1302 Catonibus
854 1246 954 1320 atque
969 1233 1079 1300 Atiliis
1102 1232 1261 1300 Calatinis

221 1319 335 1378 rntuna
354 1313 386 1380 ei
407 1325 478 1385 erat
498 1319 701 1404 amicitiai).

308 1431 514 1520 Quamquam
535 1457 601 1503 non
616 1439 784 1504 Romanus
806 1436 925 1516 solum,
947 1458 1052 1522 quern
1066 1437 1195 1523 quidem
1216 1438 1263 1502 in-

223 1513 355 1616 doctum
385 1521 573 1588 existimare
593 1525 720 1606 solent,
743 1525 802 1590 sed
824 1525 969 1590 eruditus
990 1525 1087 1600 mam
1108 1537 1142 1590 et
1163 1525 1264 1589 Grae·

223 1619 273 1664 crs
295 1602 397 1670 literis
419 1608 561 1675 imbutus
581 1623 661 1676 erat.
703 1611 808 1691 Nom,
831 1611 1102 1696 quemadmodum
1124 1621 1263 1689 constat,

179 1748 181 1756 .
224 1684 373 1756 Graecas
394 1689 524 1760 fabulas
545 1696 687 1765 imitatos
706 1709 779 1776 est,
810 1709 844 1764 et
871 1695 1115 1780 philosophiam
1136 1718 1265 1783 quoquc

223 1769 353 1840 doctum
384 1799 457 1843 enm
487 1777 609 1856 fuisse,
640 1805 725 1868 quae
747 1793 896 1866 crustant,
925 1782 1110 1866 fragmenta
1142 1793 1264 1848 testan-

223 1867 275 1926 tm
289 1863 334 1943 ⁴)·
378 1863 528 1934 Certiora
545 1880 613 1936 tum
635 1871 763 1936 demum
785 1870 827 1934 de
847 1874 947 1951 poeta
961 1867 1125 1934 affirmare
1141 1867 1262 1946 licebit,

223 1963 297 2022 cum
317 1959 376 2013 ant
396 1951 460 2035 ipsi
482 1952 555 2020 e‘ns
583 1955 657 2022 libri
685 1967 743 2022 ant
774 1953 917 2024 firmiora
938 1969 971 2020 et
991 1955 1202 2022 accuratiora
1222 1953 1265 2022 dc

223 2048 263 2103 eo
285 2035 469 2105 testimonia
489 1977 568 2110 data
587 2051 693 2108 erunt.

444 2231 511 2302 De
542 2231 827 2304 carminibus
858 2230 1043 2302 Naevii.

307 2387 439 2458 Nullum
460 2397 538 2460 novi
558 2405 690 2480 poetam
710 2398 743 2462 in
764 2405 814 2462 tot
835 2370 1065 2460 dirdrdssimis
1082 2393 1193 2478 poesis
1209 2411 1267 2476 ge·
1399 2399 1400 2406 ’

222 2471 357 2540 lctibus
378 2479 593 2562 periclitatum
628 2494 661 2549 et
691 2492 759 2548 tam
790 2481 936 2546 secunde
957 2494 990 2544 et
1011 2499 1167 2565 prospere
1190 2499 1269 2543 suc-

223 2559 413 2643 cedentem,
443 2586 541 2652 qnam
569 2571 678 2654 ipsum
697 2565 868 2634 Naevium.
911 2568 964 2634 Ita
985 2587 1005 2630 e
1027 2564 1175 2630 Platonis
1197 2566 1268 2650 qni·
1399 2583 1400 2592 ¹

223 2642 296 2710 dem
318 2653 481 2719 sententie
495 2659 528 2739 ὅ)
549 2657 706 2742 optimum
727 2673 888 2740 quemque
908 2658 1041 2737 poetam
1064 2671 1140 2716 esse
1161 2651 1269 2718 decet.

223 2728 291 2834 ⁸9⁴¹·
323 2747 453 2804 veteres
474 2741 697 2809 Romanorum
724 2745 845 2845 pp‘e'tac
876 2759 990 2845 omnes
1019 2737 1090 2804 fere
1111 2738 1269 2802 diversis-

222 2835 317 2974 {lld
338 2825 1272 2993 illillidi'lllvliiiilli’„iiriliiilldi

223 2992 284 3075 sit,
314 2993 456 3063 Ennium
484 3001 518 3066 io
550 3001 721 3068 comoedia
750 2997 837 3065 male
872 2996 1079 3064 successisse
1109 2996 1272 3073 sciamus,

223 3075 374 3144 Plautum
407 3087 567 3152 comicum
603 3099 728 3154 tanturn
758 3085 957 3150 noverimus·
1011 3082 1126 3168 ltaque
1157 3080 1273 3148 nuilus

223 3177 278 3228 est
296 3173 397 3249 polita
418 3167 550 3253 praeter
570 3172 748 3251 Naevium,
799 3171 833 3234 ui
863 3173 897 3236 in
919 3168 1084 3236 munibus.
1100 3167 1173 3235 lere
1195 3188 1273 3232 car-

222 3250 343 3318 minum
372 3257 548 3348 generibus
586 3277 700 3341 parem
727 3255 761 3322 lu
807 3271 859 3323 em
895 3255 1101 3330 demeruisse
1127 3253 1271 3320 videtur.

222 3335 291 3405 Sed
311 3339 483 3410 videamus
504 3344 644 3430 singula.

406 3521 443 3590 i.
488 3517 629 3594 Carmen
653 3521 693 3591 de
717 3520 801 3590 bello
825 3519 947 3589 Punico
970 3517 1081 3610 primo.

307 3663 509 3737 Historieum
529 3667 595 3749 hoc
616 3673 735 3754 poema
757 3676 846 3748 erat,
873 3675 909 3732 ut
929 3661 1072 3730 Vossius
1087 3664 1124 3742 ⁶).
1144 3661 1273 3749 optimo

218 3745 296 3834 jura
316 3770 378 3816 suo
400 3751 566 3821 historicis
581 3753 740 3820 Romanis
755 3752 914 3818 Naevium
936 3748 1138 3820 adnumeret,
1157 3769 1272 3834 quem-

222 3835 398 3906 ¹admodum
420 3837 537 3907 Cicero
555 3841 692 3908 Ennium
707 3845 751 3920 ⁷).
794 3838 884 3904 Bene
905 3837 947 3902 de
967 3834 1033 3902 hac
1055 3852 1091 3900 re
1114 3834 1274 3920 exposuit

223 3959 430 3980 m

292 4019 321 4084 1)
338 4014 404 4072 dall.
422 4015 500 4072 mro.
516 4015 574 4071 vn.
593 4022 618 4076 3.
670 4022 702 4091 2)
725 4035 793 4092 pop.
811 4021 917 4086 iome-
972 4015 1005 4086 3)
1029 4011 1070 4097 'pf-
1086 4027 1156 4084 pap.
1172 4017 1216 4076 10,
1233 4013 1276 4068 20

224 4107 254 4156 et
269 4103 311 4160 65.
352 4105 384 4174 i)
402 4101 481 4159 Dan.
494 4107 530 4172 43
547 4111 623 4180 trop.
637 4109 692 4164 teo.
713 4114 737 4162 1.
780 4105 809 4172 6)
831 4101 942 4158 Commu
955 4114 1028 4174 pap.
1043 4103 1101 4156 223.
1118 4097 1147 4152 d.
1165 4093 1273 4168 Simalo.

224 4189 255 4256 δ)
278 4185 316 4240 tle
336 4185 434 4244 dcem.
459 4187 557 4246 Latin
577 4189 596 4244 Ι.
620 4195 647 4249 2.
699 4194 732 4263 7)
759 4189 798 4260 ef.
824 4186 941 4246 mnata
968 4187 1009 4245 ad
1032 4185 1125 4242 Ennii
1148 4182 1274 4257 Frcpm.

220 4289 293 4352 pap.
312 4279 329 4334 5
348 4282 376 4330 ot
393 4279 432 4334 m.
