2802 4908
486 324 764 434 ..ms-.-¹

105 503 190 580 usos
202 533 269 578 non
290 528 367 578 esse
384 503 526 593 ‘oreiam
541 501 616 580 ‘sed
637 517 704 598 lta,
721 487 770 583 ‘ut
798 517 1001 586 Graecarum
1022 519 1147 587 fabula·

106 618 175 666 turn
196 610 328 666 actores
349 619 371 664 a
386 599 572 684 juvenibus·
585 597 757 684 Romanis,
780 605 835 692 qui
856 602 953 671 ludos
973 606 1147 674 Fescenni-
1253 633 1254 637 ¹

103 707 163 753 nos
185 695 218 752 et
237 697 355 772 postea
378 684 744 774 Atellanospersonati
766 710 868 774 agere
890 691 1053 774 solebant,
1075 705 1146 760 ton·

103 784 198 860 quent
228 771 411 856 peregrini,
441 770 628 860 quominus'
642 773 795 861 personis
823 787 1008 860 uterentur,
1039 779 1147 864 prohi-

101 859 157 925 bitl
188 859 272 940 sint,
303 867 420 944 postea
448 879 528 926 vero
557 864 706 952 tragoedi
737 863 835 928 etiem
864 874 897 928 et
917 866 1066 946 comoedi
1087 887 1148 952 per

101 949 239 1011 abusum
266 962 431 1030 personas¹
458 944 640 1014 induerent.
683 947 732 1022 lte
752 954 843 1024 reot'e
864 947 957 1024 Festi
976 951 1147 1020 verbain-

100 1041 296 1116 terpretutus
326 1039 378 1096 est
406 1029 561 1098 Manlius
573 1035 626 1116 1)‚
657 1045 736 1120 post
767 1037 864 1122 nujus¹
892 1037 1022 1103 doctam
1049 1037 1148 1127 hujus
1247 1093 1252 1108 .

100 1117 146 1182 rei
166 1116 466 1203 interpretationem
487 1139 583 1184 nemo
601 1119 684 1208 jam,
704 1129 795 1208 puto,
816 1119 1010 1189 Muellerum
1030 1144 1147 1212 seque·

97 1213 158 1282 tur,
180 1216 260 1289 post
280 1206 387 1271 verba·
404 1206 520 1281 mullos
542 1219 658 1280 auttas'
676 1207 773 1280 hoen·
791 1209 998 1282 innotuisse
1029 1221 1146 1296 putan-
1261 1287 1263 1294 y

98 1293 502 1378 temerariarum.
611 1307 625 1366 ἵ·
775 1313 815 1346 '¹

597 1366 603 1396 l
636 1361 642 1369 ⁸
728 1376 731 1386 t

183 1424 401 1493 Personarum
431 1446 512 1493 vero
549 1423 682 1493 subulae
716 1427 968 1516 inscriptionem
989 1413 1040 1494 'ab
1071 1427 1146 1514 ipso
1225 1435 1226 1444 ’

97 1522 197 1596 poeta
227 1533 295 1577 non
323 1513 508 1598 profectum
528 1532 613 1586 esse
641 1525 818 1600 propterea
844 1515 936 1601 puto,
959 1515 1045 1600 quod
1067 1533 1148 1599 poe-

96 1609 146 1664 tas
167 1599 394 1666 Romanorum
415 1601 567 1664 scenicos
588 1600 636 1666 itu
649 1599 795 1668 tabulas
826 1621 906 1668 suas
935 1601 1148 1686 inscripsisse

98 1696 250 1765 constat,
280 1695 316 1749 ut
343 1697 401 1750 aut
429 1706 548 1750 nornen
577 1706 600 1752 a
625 1683 760 1753 ,tabulae
787 1699 981 1772 argumento
1011 1688 1149 1774 petitum

97 1771 159 1862 sit,
188 1782 248 1838 aut
269 1769 360 1862 ojus,
391 1772 448 1857 qui
466 1772 590 1859 primas
612 1775 731 1856 agebat
752 1785 882 1859 partes,
902 1793 1069 1858 personae
1089 1793 1148 1839 no·

95 1877 170 1924 rnen
192 1855 328 1924 fabulae
350 1867 598 1940 praeponerent.
642 1857 737 1932 Quae
759 1863 901 1924 numito
922 1860 1005 1942 sint,
1025 1859 1147 1925 utLu·

97 1942 174 2010 dum
198 1952 234 2008 et
254 1943 394 2014 Setinum
416 1945 508 2025 (num
529 1944 671 2026 prisoom
692 1943 784 2016 illem
807 1945 982 2010 satirarum
1002 1944 1149 2029 speeiem

93 2030 255 2096 abolitum
285 2027 375 2092 illam
405 2039 437 2093 et
460 2029 669 2112 jaoentem²)
698 2029 858 2094 imitatum
885 2029 1046 2096 Naevium
1073 2050 1150 2095 esse

94 2118 169 2200 quis
200 2119 352 2201 putem),
382 2113 429 2178 ita
450 2115 667 2179 Personatam
698 2114 829 2182 subules
859 2116 989 2202 quidem
1009 2116 1149 2182 Naevia-

93 2223 158 2268 nas
183 2201 281 2279 dioo,
303 2221 369 2264 non
391 2211 500 2266 tumen
522 2201 565 2264 ab
586 2201 661 2284 ipso
683 2212 783 2285 poete
803 2203 850 2267 ito
870 2203 1067 2286 inscriptas,
1088 2201 1150 2267 setl

92 2309 114 2352 a
146 2285 274 2438 pppulo
307 2295 445 2440 propter
474 2284 715 2353 similitudinem
749 2289 914 2375 quendam
945 2299 1004 2356 out
1034 2307 1150 2356 oesum

88 2375 138 2444 ita
193 2371 240 2440 iol
268 2392 306 2440 so
323 2373 393 2442 'tas
428 2391 431 2399 ·
1028 2373 1034 2398 '

502 2541 739 2628 Philemporos.

178 2661 377 2748 Fulgentius
395 2665 458 2748 8);
495 2665 692 2748 scttlpoaeos
730 2663 797 2727 diei
831 2665 1008 2728 uoluerunt
1044 2671 1148 2726 cestus

89 2750 229 2905 mpppp
246 2753 390 2902 alit'pmos.
403 2753 439 2866 f)
490 2750 584 2821 Unde
611 2759 646 2864 el
670 2751 819 2818 Naeuius
853 2749 1062 2840 Plu'lemporu
1094 2768 1147 2813 co-

138 3029 140 3040 ³
197 2954 382 3033 sculptauels
405 2953 561 3018 lutulenda
582 2953 656 3010 ltut‘e
677 2957 751 3012 sunt
772 2951 875 3010 lele'ru
894 2951 1002 3025 probe.

88 3063 293 3146 sculponeas
321 3057 445 3124 oollett.
475 3057 635 3142 Bongers.
665 3057 702 3121 ll.
733 3065 766 3121 et
787 3053 929 3122 Vulcan.
963 3053 1058 3120 codd.
1083 3055 1148 3120 Gu-

88 3147 178 3214 dian.
204 3146 246 3210 11.
277 3144 378 3210 Busil.
408 3144 562 3211 Leidens.
592 3143 783 3223 Munokeri3
816 3143 1047 3226 isoltulponeus
1074 3141 1148 3206 eod.
1235 3222 1241 3230 ἱ
1321 3197 1323 3207 .

86 3231 249 3304 Lotuens.
275 3231 476 3312 'Stuverenl3
508 3233 721 3315 iscolpoueas
758 3229 867 3306 uollut⁴
899 3229 1063 3316 Bongars.
1098 3228 1149 3309 1.;

88 3323 293 3408 sculponeae.
312 3319 388 3387 edit.
411 3320 753 3408 prino.;,soolpoueus
771 3318 844 3394 eod.
862 3316 1001 3390 Gudion.
1017 3315 1040 3382 1.
1058 3314 1148 3386 editt.

158 3569 189 3640 1)
208 3567 249 3624 de
265 3565 328 3636 fab·
346 3559 430 3620 Atell.
447 3583 517 3640 pap.
536 3571 579 3623 7ο.
630 3567 661 3634 2)
680 3563 720 3634 of.
746 3552 880 3621 Monk‘l.
896 3559 918 3617 l.
934 3578 1005 3632 pop.
1032 3563 1064 3614 16
1090 3577 1148 3630 sqq.

86 3656 117 3725 8)
138 3672 162 3708 s.
180 3671 217 3708 m·
229 3651 404 3724 sculponeae
415 3668 488 3724 pap.
508 3655 560 3710 562
576 3650 621 3706 M.
638 3657 690 3710 392
710 3649 744 3704 G.
803 3649 832 3718 4)
848 3647 930 3720 falsa
947 3645 1020 3702 leaeo
1038 3653 1067 3700 et
1081 3664 1149 3720 pro-

83 3748 152 3816 pter
171 3739 298 3795 additos
313 3753 409 3792 vorsus
427 3735 609 3792 Naeuianum
626 3743 655 3792 el
673 3735 846 3790 Plautinum
863 3735 1035 3806 eucopitalu.
1068 3731 1150 3808 Scal-

84 3844 200 3902 poneoe
220 3825 302 3880 enlm
322 3823 525 3878 calceamento
547 3825 658 3877 mastica
674 3825 757 3885 sant,
775 3837 791 3872 e
815 3819 893 3888 llpno
911 3827 1071 3874 excavata:
1099 3818 1151 3872 Cu·

86 3921 115 3968 to
133 3915 172 3968 de
189 3931 226 3968 ro
244 3915 317 3964 rust.
335 3915 385 3973 5e;
403 3916 431 3964 et
449 3916 579 3977 constat,
605 3927 671 3964 eum
684 3921 844 3982 puerorum
869 3911 951 3960 uoles
977 3907 1151 3960 calceamen-

86 4007 187 4054 lurum
212 3996 302 4060 soleis
324 3994 461 4068 pulsatas
485 4012 560 4066 erse,
585 4000 646 4048 tum
671 3996 801 4047 virorum
828 3993 917 4046 ellum
943 3993 1044 4064 capito
1062 3995 1090 4042 et
1111 3987 1152 4040 lo·

86 4091 152 4144 lera
179 4089 220 4142 t'ls
250 4071 549 4154 oomneltlpote'esse;
567 4077 657 4150 potu?
685 4077 762 4148 quod
778 4077 864 4132 solcis
890 4080 949 4130 suis
967 4075 1088 4128 maritos
1101 4087 1153 4142 po-

86 4180 150 4228 tere
170 4165 320 4226 'solebant
352 4163 475 4232 uererer,
509 4169 541 4222 ul
569 4161 722 4216 Herculem
751 4161 902 4236 Omphale.
949 4157 993 4228 Cf.
1018 4155 1155 4210 llelurt'tlt

88 4257 130 4312 tul
150 4253 284 4311 luvenal.
306 4236 399 4308 Sallu.
419 4249 464 4306 Vl.
483 4255 553 4315 6103
576 4245 665 4301 Plum
683 4247 723 4300 od
742 4245 824 4302 Pers.
843 4245 937 4302 Sallr.
955 4243 989 4299 V.
1008 4247 1073 4308 169;
1097 4241 1174 4303 We,

88 4342 213 4398 sterion
233 4338 276 4394 ad
300 4337 411 4394 Terent.
431 4334 561 4392 Euuueh.
581 4333 615 4389 V.
635 4339 659 4391 8⁴.
677 4338 704 4391 4.
