2802 4908
564 307 893 380 ·-om-

235 487 368 558 frome
395 495 528 572 tegetes
564 505 627 552 neo
648 504 709 566 ue,
738 487 819 572 quid
844 487 886 554 rls
905 487 1048 556 Romulo
1074 493 1285 562 statuendum

235 583 313 642 ost?
341 573 479 641 Etiamsi
499 571 679 638 Welckoro
700 573 737 638 id
754 573 926 657 largioris,
953 597 999 642 ne
1018 577 1195 648 Romulum
1216 584 1286 665 qui·

234 663 311 728 dem
332 659 449 726 Nsevii
480 657 626 726 subulam
656 670 802 743 togatum
831 661 992 746 ejusmodi
1022 663 1145 748 luisse,
1177 666 1284 751 qualis

236 747 368 814 Afranii
397 757 528 829 togetec
550 755 583 810 et
610 745 692 810 Attii
721 743 870 825 fuerunt,
900 749 986 831 qnod
1014 751 1145 816 minime
1166 772 1284 818 conce·

235 835 376 900 tiendum
396 843 465 910 est,
493 830 645 896 inventor
672 842 780 896 temen
803 843 997 916 *togatorum
1027 849 1117 902 certe
1138 837 1285 904 Naevius
1396 897 1398 908 t

231 920 308 999 fuit,
329 918 435 1005 utqui
455 917 579 1002 primus
596 917 764 984 Romanos
785 919 894 984 resin
917 940 1053 987 scenam
1078 925 1284 1008 produceret
1394 919 1398 936 “

590 1093 618 1152 c.
670 1057 922 1138 Comoedieel

322 1190 521 1258 comoediae
548 1188 740 1256 Naevionoe
769 1192 891 1274 togatis
913 1190 1038 1258 similes
1060 1205 1147 1274 sunt,
1168 1198 1217 1262 itu
1237 1198 1285 1262 di-

145 1355 148 1367 ,
175 1272 180 1302 l
236 1300 289 1355 oo,
310 1289 357 1357 ut,
381 1280 531 1362 quumvis
553 1297 595 1340 ex
618 1277 796 1342 imitatione
819 1275 1019 1342 Graecorum
1041 1279 1215 1361 fluxerint,
1236 1286 1284 1349 ni·

235 1365 412 1429 nilominus
433 1376 543 1429 tamen
565 1383 631 1428 non
652 1363 786 1426 omnino
811 1363 961 1428 Graecae
982 1367 1057 1446 sint,
1082 1370 1142 1432 sed
1164 1369 1285 1434 Romo

236 1453 301 1516 iios
330 1451 428 1515 etium
452 1469 561 1515 mores
582 1449 762 1531 respiciant
783 1459 816 1512 et
835 1469 942 1513 rerum
965 1449 1196 1542 Romanorum,
1219 1458 1285 1522 rci-

235 1536 414 1621 publicae,
446 1535 565 1601 civium
598 1535 794 1598 mentionem
831 1533 1092 1619 frequentissime
1111 1539 1283 1628 'injicient

230 1624 330 1696 Quae
361 1639 436 1686 cum
465 1621 511 1686 ite
540 1621 625 1698 sint,
647 1620 806 1684 Naevium
828 1641 936 1686 meres
961 1621 1161 1690 Graecorum
1190 1626 1285 1693 fobu·

232 1708 339 1774 lurum
362 1709 648 1792 interpretationes
666 1705 779 1772 secere
800 1727 866 1770 oon
890 1709 1038 1798 potuisse
1058 1723 1207 1795 apparet.
1239 1714 1286 1780 At

231 1794 297 1860 elio
318 1787 416 1878 plene
443 1792 666 1877 Schlegelii1)
690 1804 742 1856 est
772 1795 951 1875 sententio,
984 1797 1039 1878 qui
1065 1797 1236 1863 Ciceronis
1249 1805 1285 1882 2)

230 1883 349 1946 verbor
374 1880 521 1960 Ennius,
556 1879 737 1957 Pacuuius,
768 1881 894 1957 Attius,
924 1883 1016 1944 molti
1042 1884 1113 1965 clii,
1135 1887 1191 1970 poi
1215 1905 1285 1950 ooo

230 1967 351 2044 cerba,
380 1967 440 2032 sed
467 1969 531 2031 eim
558 1966 762 2030 Graecorum
789 1975 1022 2050 expresserrmt
1040 1951 1217 2050 podiorum
1237 1973 1286 2037 its

231 2052 404 2136 intelligit,
432 2063 522 2118 utet
543 2051 667 2116 Livium
692 2051 914 2117 Andronicum
936 2063 969 2117 et
989 2051 1150 2120 Naeuium
1172 2057 1286 2124 dedite

231 2159 335 2224 opero
357 2155 378 2201 a
401 2139 561 2204 Cicerone
583 2138 726 2202 omissos
747 2138 855 2217 dicut,
878 2140 990 2224 utqui
1014 2140 1158 2208 Terentii
1178 2143 1287 2208 instar

230 2227 307 2310 lpse
341 2226 443 2290 verbe
475 2224 707 2308 expresserint.
759 2223 826 2290 Sed
859 2242 925 2290 non
958 2245 1094 2306 omnes,
1127 2229 1182 2313 qui
1214 2231 1285 2294 vim

232 2322 356 2377 tentum
389 2311 591 2376 Graecorum
623 2310 871 2392 expresserint,
903 2329 1125 2378 enumerasse·
1149 2315 1285 2382 Cicero·

232 2417 331 2474 ιιιιιι,
353 2413 395 2460 es
418 2397 491 2498 ejus
512 2394 624 2460 verbis
638 2406 799 2478 *epperet3
817 2395 949 2460 *multos
971 2398 1056 2462 euim
1078 2397 1163 2464 elios
1176 2421 1287 2484 proc·

230 2495 284 2546 rer
305 2481 372 2545 lroo
391 2479 497 2547 fuisse
519 2491 702 2545 osseverut.
747 2479 869 2545 Verum
898 2483 1024 2548 etiarnsi
1051 2483 1119 2550 hou
1137 2505 1202 2550 non
1215 2489 1287 2552 rud»

230 2567 515 2646 didisset,'notum
535 2576 599 2644 est,
628 2568 672 2631 ab
693 2565 800 2631 Ennio
822 2587 934 2634 verum
958 2569 1181 2636 Romanorum
1201 2577 1285 2656 poe·-

231 2657 283 2719 siu
304 2655 491 2737 incepisse,
504 2653 675 2717 Ciceronis
695 2671 828 2737 quoqne
848 2652 952 2720 fuisso
973 2658 1188 2740 sententium
1215 2677 1284 2742 quo

164 2807 166 2812 ,
229 2740 284 2818 fit,
312 2749 348 2803 ut
376 2738 566 2824 plerumque
596 2741 714 2823 postas
742 2739 818 2806 iude
847 2741 888 2806 ab
909 2741 1015 2807 Ennio
1038 2743 1141 2808 citare
1162 2743 1285 2826 solent,

229 2825 362 2893 omissis
382 2825 478 2890 Livio
501 2835 535 2889 et
555 2824 694 2890 Naevio.

316 2937 461 3002 imitatur
488 2932 681 3022 plerumque
712 2953 833 3000 novem
858 2933 1041 3002 Atticorum
1065 2939 1285 3022 comoediam,

229 3035 266 3089 ut
286 3036 319 3088 et
339 3023 546 3108 plurimarum
575 3019 760 3086 fabularum
782 3022 1012 3107 inscriptiones
1041 3021 1282 3102 demonstrent,

231 3121 263 3174 et
285 3129 448 3192 personae
471 3110 609 3186 docent,
638 3108 755 3192 quibus
782 3109 888 3173 utitur.
932 3113 1058 3177 Servos
1079 3112 1164 3176 enim
1188 3111 1284 3178 indu-

228 3199 275 3259 'cit
295 3193 489 3280 vapulantes
501 3196 533 3273 ³)
558 3205 589 3257 et
611 3204 740 3260 astutos
753 3198 797 3274 ⁴),
821 3195 985 3276 parasitos
999 3199 1045 3276 ⁶),
1068 3195 1188 3262 milites
1210 3197 1285 3282 glo·

229 3283 338 3348 tiosos
351 3283 403 3360 ⁶),
427 3279 572 3367 juvenes
601 3291 750 3342 amantes
763 3281 809 3357 ⁷),
834 3282 1022 3346 meretrices
1035 3283 1068 3366 8)
1090 3303 1190 3349 senes
1211 3304 1285 3350 mo·

230 3387 329 3434 rosos
340 3367 386 3452 ⁹),
411 3383 494 3452 quae
515 3383 679 3450 personae
702 3366 790 3446 apud
812 3363 957 3452 reliquos
981 3387 1110 3453 quoque
1133 3370 1286 3437 comicos

230 3454 444 3539 reperiuntur.
488 3449 663 3516 Praetereo
685 3449 844 3514 Naevium
875 3470 995 3518 novam
1016 3453 1201 3520 Atticorum
1225 3478 1286 3522 co-

230 3541 391 3605 moediam
425 3537 467 3602 od
501 3537 689 3602 imitandum
721 3535 784 3600 sibi
817 3540 1033 3622 proposuisse
1065 3551 1098 3605 et
1128 3541 1285 3627 prologi,

230 3628 348 3711 quibus
369 3625 546 3704 uttturw),
569 3635 601 3688 et
621 3621 655 3686 id
680 3621 774 3687 extra
796 3623 927 3688 dubium
950 3628 1061 3708 ponit,
1084 3627 1171 3712 quod
1196 3627 1286 3694 duas

228 3713 379 3777 &eccos
407 3708 559 3790 sabulos,
588 3717 625 3774 ut
654 3707 792 3774 Plautus
821 3720 855 3774 ct
884 3709 1008 3778 Ennius
1037 3723 1071 3778 et
1092 3713 1285 3796 Terentius,

298 3960 326 4025 1)
344 3955 470 4011 lection.
487 3954 641 4009 dromatlc.
653 3952 811 4026 llpopld
846 3955 1018 4024 2)Acoderu.
1037 3956 1057 4012 l.
1073 3962 1100 4016 3.
1119 3967 1158 4017 lo.
1194 3964 1226 4030 8)
1240 3961 1285 4033 ef.

227 4039 335 4116 frapm.
358 4041 504 4113 Philemp.
556 4042 587 4110 4)
610 4037 751 4111 Tmphall.
771 4046 802 4103 ¹3
830 4039 939 4114 frepus.
959 4042 1067 4098 Pareo.
1119 4045 1150 4115 5)
1172 4041 1286 4101 Coroll.

227 4129 262 4186 ει
283 4128 384 4202 Gpmm
399 4131 424 4185 9.
474 4125 503 4206 6)
523 4123 618 4186 Coloe.
631 4134 651 4179 l.
700 4124 729 4192 7)
748 4123 894 4190 Coroll.4;
913 4125 1014 4199 Gpmn.
1030 4133 1065 4198 63
1087 4127 1287 4200 semelem

226 4211 336 4283 fropm.
358 4207 499 4284 Triphall.
554 4208 583 4276 8)
604 4207 705 4279 mpero.
721 4211 738 4264 6
744 4223 755 4276 3
785 4208 900 4268 sarens
918 4220 943 4270 1.
957 4217 984 4272 5.
1025 4215 1064 4281 ·9)
1082 4215 1193 4290 stupor.
1218 4215 1287 4272 stt-

223 4293 319 4368 plmll.
369 4297 417 4366 so)
437 4295 612 4364 nordeum.
628 4301 652 4350 1.
