2802 4908
627 281 905 356 ..204...

244 478 311 536 stet
328 471 372 551 ¹).
414 467 579 540 Quantum
600 475 709 530 autem
731 463 832 530 distat
853 463 1038 532 Romanum
1058 467 1291 552 ingenium'ab

242 554 376 640 ingenio
415 550 563 618 Graeco!
616 549 821 636 Simulatque
858 552 960 640 igitur
997 553 1040 618 ad
1076 553 1292 618 imitationem

244 642 447 708 Graecorum
468 636 614 722 linguam
643 647 677 704 et
697 634 815 704 literas
833 657 914 704 suas
934 637 1077 704 Romani
1101 659 1291 705 accommo-

243 725 383 805 darunt,
419 723 535 792 literae
564 723 736 790 Romanae
767 724 877 809 magis
911 725 1084 810 magisque
1112 723 1293 792 Romanae
1397 731 1398 770 l

242 833 321 884 esse
342 810 519 876 desierunt.
562 810 641 876 lude
662 809 829 894 sequitur,
865 810 953 895 quod
980 810 1114 878 maximi
1143 821 1195 876 est
1209 824 1293 876 'mo-
1397 865 1398 890 q

241 897 354 978 menti,
375 917 496 963 novam
517 896 594 962 inde
614 917 637 962 a
655 895 772 960 Naevii
795 906 910 974 morte,
943 907 1022 982 post
1044 918 1141 984 quam
1163 895 1291 964 Ennius
1397 911 1398 968 t

240 1005 265 1054 e
285 983 414 1052 Catone
442 982 583 1050 Romam
613 979 794 1048 translatus
815 993 884 1062 est,
912 982 1042 1049 Romae
1070 989 1187 1050 orsam
1212 1005 1291 1049 esse

241 1079 277 1137 et
297 1069 427 1136 dicendi
443 1078 477 1134 et
491 1069 637 1136 carmina
654 1069 872 1152 componendi
887 1069 1057 1135 rationem.
1103 1067 1172 1134 Sari
1187 1090 1291 1153 aegre

241 1155 382 1244 primum
411 1155 481 1220 suis
510 1151 657 1220 aliteris
687 1154 832 1220 cessisse
853 1155 1045 1236 Romanos,
1074 1154 1107 1220 id
1135 1164 1290 1235 testatur,

240 1242 330 1395 Ἆυοᾱ
351 1241 426 1326 ipse
447 1239 546 1307 etiam
568 1239 695 1308 Ennius
718 1252 821 1307 metro
843 1239 997 1306 Saturnio
1024 1241 1058 1306 in
1087 1261 1290 1326 componen-
1398 1277 1399 1328 1

265 1329 295 1394 is
316 1326 501 1394 tabularum
522 1323 763 1412 triumphalium
785 1327 1054 1412 inscriptionibus
1074 1347 1155 1392 usus
1177 1330 1289 1412 est2),
1398 1339 1399 1380 t

241 1414 330 1482 etin
351 1413 528 1498 pangendo
549 1410 607 1478 illo
629 1412 794 1493 carmine,
815 1434 880 1499 qno
904 1411 1072 1498 Scipionis
1093 1432 1148 1478 res
1173 1425 1289 1498 gestas
1398 1453 1399 1500 p

239 1510 274 1568 et
294 1497 411 1567 laudes
433 1498 629 1577 celebravit,
651 1519 783 1563 versum
803 1498 1008 1566 trochaicum
1029 1499 1190 1579 adhibuit,
1217 1501 1286 1585 qui,
1398 1513 1399 1524 ¹

239 1585 513 1672 quemadmodum
540 1605 647 1669 nuper
673 1583 821 1652 Koenius
836 1586 869 1670 3)
898 1586 1151 1666 demonstravit,
1181 1587 1288 1670 ipsius

155 1678 164 1684 ”
239 1671 374 1758 linguae
389 1670 559 1738 Romanae
574 1673 718 1736 numeris
737 1673 1099 1740 accommodatissimus
1115 1685 1176 1738 est.
1200 1673 1288 1736 Nae·

240 1758 288 1824 vii
309 1768 419 1822 eutem
447 1778 566 1823 versus
594 1767 653 1822 aut
675 1757 820 1822 Saturnii
849 1767 943 1837 sunt,
973 1769 1031 1824 aut
1061 1759 1197 1844 jambiei
1228 1769 1288 1824 aut

243 1843 416 1925 trochaici,
437 1843 547 1930 itaque
567 1864 646 1908 vere
662 1843 813 1909 Romani.
857 1843 1034 1910 Praeterea
1046 1865 1128 1910 vero
1145 1845 1288 1910 Creticis

239 1931 357 2011 etiam,
396 1929 631 2014 Anapaesticis
665 1927 720 1994 vel
752 1929 836 2015 ipsis
870 1929 1108 1996 choriambicis
1140 1933 1288 1996 numeris

238 2037 320 2084 usus
341 2025 402 2080 est
446 2013 521 2080 Jarn
542 2036 641 2099 varo,
672 2035 747 2081 cum
778 2037 830 2082 me
857 2015 995 2082 inscium
1023 2015 1094 2082 fere
1115 2016 1159 2082 ad
1180 2029 1288 2082 metra

237 2102 411 2168 Naeviana
439 2101 616 2187 disputatio
653 2099 782 2181 tulerit,
818 2122 927 2186 pauca
956 2103 998 2168 de
1026 2101 1082 2168 his
1109 2123 1286 2188 exponam.

238 2185 349 2255 Versu
370 2186 523 2267 heroico,
546 2197 580 2251 ut
602 2209 703 2271 supra
725 2187 1022 2254 demonstravimus
1036 2190 1092 2274 ⁴),
1113 2209 1179 2254 non
1201 2210 1287 2256 usus

237 2285 292 2344 est
318 2274 486 2352 Naeuiae,
517 2272 606 2359 quod
634 2275 719 2339 bene
749 2287 985 2358 perspexerat,
1017 2284 1114 2358 puto,
1144 2275 1287 2342 Latinae

234 2359 371 2448 linguae
390 2359 533 2425 indolem
554 2362 597 2424 ab
619 2357 671 2424 hia
693 2361 838 2424 numeris
859 2361 965 2443 magis
980 2359 1167 2440 abhorrere,
1177 2363 1283 2446 quod-

237 2467 302 2534 que
323 2463 442 2510 versus
465 2445 637 2509 Saturnius
658 2445 789 2510 nativus
824 2445 978 2510 ltalorum
1000 2458 1218 2526 varensem,
1244 2459 1285 2513 nt

235 2533 315 2620 qui,
344 2525 504 2618 ejambis
532 2540 566 2596 et
593 2530 763 2597 trochaeis
792 2533 1013 2617 compositus,
1045 2543 1161 2618 sponte
1184 2537 1285 2618 quasi

234 2619 280 2686 ad
300 2618 405 2702 ipsius
426 2615 559 2701 linguae
580 2627 775 2684 structuram
798 2639 875 2683 sese
895 2621 1171 2685 accommodaret.
1210 2620 1284 2684 Pri-

232 2726 307 2771 mus
324 2703 447 2768 Ennius
468 2702 611 2769 alienum
632 2725 775 2782 versum,
796 2703 932 2788 longum
953 2703 1056 2782 illum,
1079 2727 1174 2792 quem
1190 2706 1284 2784 dicit,

233 2788 360 2868 intulit,
382 2789 533 2874 quicum
555 2789 688 2875 politior
709 2791 781 2855 sine
801 2790 899 2856 dubio
922 2792 1076 2858 Saturnio
1098 2791 1156 2859 illo
1179 2804 1284 2872 esset,

161 2903 163 2910 ·
233 2897 314 2946 suos
340 2896 459 2942 versus
487 2887 643 2963 tanquam
672 2878 819 2942 urbanos
846 2877 997 2956 rusticiS,
1027 2888 1062 2944 ut
1089 2879 1136 2944 ita
1159 2879 1282 2960 dicam,

231 2963 498 3050 illispNaeviants
526 2964 682 3047 opposuit
704 2973 754 3043 et,
788 2970 928 3030 testante
950 2963 1111 3030 Cicerone
1127 2965 1161 3050 ⁵)
1192 2964 1288 3030 Nae'

231 3047 321 3114 vium
342 3051 376 3113 in
398 3059 565 3114 contemtu
586 3046 717 3114 habuit:
749 3049 847 3137 quial,
869 3050 916 3116 ait
938 3048 1077 3132 Cicero,
1099 3053 1207 3116 nostri
1227 3073 1281 3120 ee-

232 3143 320 3202 teree
339 3153 454 3202 versam
475 3131 532 3199 ubi
551 3135 652 3200 suot?

621 3268 700 3328 quos
721 3250 793 3309 olba
814 3249 922 3312 Fauni
941 3259 1090 3330 cotesque
1113 3253 1280 3330 coaetant,

334 3355 405 3400 cum
425 3355 527 3415 neque
547 3336 715 3398 Marsorum
738 3339 886 3412 scopatae
914 3341 1077 3417 quisquam
1098 3350 1281 3416 superorat,

333 3443 393 3486 nec
414 3426 492 3484 dica·
511 3424 673 3485 studiosus
693 3429 765 3482 erat
808 3463 1192 3488 ........

333 3519 408 3571 ante
431 3512 523 3586 bunc.

228 3617 277 3680 nit
298 3617 369 3700 lpse
392 3622 454 3698 (sc.
475 3613 618 3699 Ennius)
639 3611 682 3678 da
702 3635 754 3692 se,
775 3633 836 3679 nec
856 3615 1010 3692 mentitur·
1028 3617 1065 3678 a'n
1083 3618 1277 3702 plotiando.

227 3701 415 3776 Pronpmen
441 3713 552 3767 autem
578 3701 664 3764 lenna
699 3700 994 3766 dauonstmtivum
1020 3711 1074 3766 est
1102 3713 1137 3768 et
1167 3704 1278 3788 ipsum

226 3787 366 3854 Ennium
387 3788 548 3872 designat,
570 3787 842 3882 quemadmodum
862 3785 973 3852 multis
991 3787 1104 3854 verbis
1122 3791 1279 3874 esposuit

295 4036 322 4101 1)
340 4034 380 4106 cf.
400 4033 499 4090 Festus
523 4053 545 4088 s.
563 4052 588 4088 o.
607 4011 655 4088 sos
676 4051 745 4106 pap.
763 4038 810 4092 301
832 4031 933 4090 Muelt.
994 4035 1023 4102 2)
1042 4033 1111 4090 Aut.
1127 4005 1282 4092 *Fortuna-⁸

226 4121 298 4174 tion.
320 4137 389 4194 pap.
411 4125 463 4178 324
488 4118 582 4188 Gaisf.
644 4121 672 4185 3)
702 4115 833 4189 Spracloe
861 4121 913 4174 dar
940 4119 1129 4176 Hoemlscben
1157 4121 1272 4196 Epiker.

222 4203 376 4346 53me
391 4212 494 4346 ¹182?pr
518 4203 549 4274 e)
573 4217 642 4278 ml
658 4210 699 4264 86·
751 4209 781 4274 5)
809 4206 891 4262 Brut.
910 4203 1006 4262 xviii.
1024 4213 1076 4277 713
1103 4207 1142 4279 ef.
1161 4209 1270 4284 fuupm.
