2776 4892
436 333 447 364 '
632 339 907 414 -128-

246 524 344 609 posui
364 520 452 602 loco,
468 521 556 608 quod
576 518 705 586 mediae
724 519 809 585 inter
824 529 982 604 utrasque
1001 519 1134 604 ingenio
1154 539 1216 586 suo
1237 539 1295 587 es·

246 629 287 675 se
308 609 467 674 videntur.
511 607 578 674 Sed
599 605 667 673 alia
685 608 816 672 accedit
837 627 951 685 cause,
974 625 1033 672 cur
1054 609 1097 672 ab
1114 608 1296 691 interprete

246 695 395 762 seeundo
424 694 500 759 loco
529 705 771 758 recenseantur.
813 693 897 757 Nam
919 692 953 758 in
982 694 1196 776 disponendis
1224 705 1294 760 tra-

246 783 437 867 goediarum
459 777 653 868 fragmentis
675 779 745 844 lieri
767 789 887 864 potest,
908 788 955 857 ut,
971 779 1110 843 ducibus
1132 779 1216 864 ipsis
1233 799 1293 844 ve-

245 880 349 934 terum
372 869 414 932 de
436 865 506 931 Diis
528 879 560 940 et
582 866 737 931 heroibus
758 864 1009 943 narrationibus,
1028 864 1121 930 locus
1144 866 1293 931 invenia-

246 965 316 1032 tur,
356 973 421 1038 quo
451 952 599 1036 singulas
628 951 783 1037 reliquias
813 953 856 1016 ab
889 949 971 1035 ipsis
1006 953 1115 1035 poetis
1145 954 1294 1036 scriptas

246 1040 411 1126 quondam
433 1059 508 1102 esse
529 1039 705 1103 verisimile
727 1049 789 1116 est,
811 1039 1001 1121 praesertim
1024 1057 1110 1116 cum,
1121 1047 1157 1101 ut
1177 1038 1208 1102 in
1225 1039 1294 1122 Ly-

246 1145 348 1209 curgo
378 1125 537 1202 fecimus,
558 1125 602 1191 ad
627 1124 828 1190 Graecarum
856 1122 1040 1188 fabularum
1068 1124 1293 1208 superstitum,

245 1232 331 1297 quae
353 1211 547 1276 aRomanis
569 1211 677 1294 poetis
698 1223 755 1275 aut
768 1209 948 1275 translatae
969 1209 1078 1275 autin
1094 1229 1187 1274 usum
1210 1231 1293 1274 cou-

244 1317 364 1362 versae
386 1307 500 1376 erant,
535 1298 694 1362 rationem
716 1309 749 1360 et
769 1315 917 1361 normam
938 1315 1011 1360 cum
1041 1294 1199 1379 explicari
1220 1309 1291 1362 tum

245 1383 376 1468 dispobi
397 1404 499 1467 saepe
521 1384 659 1466 possint.
704 1383 801 1456 Quod
831 1383 935 1446 minus
956 1382 989 1444 in
1011 1383 1133 1464 togatis
1162 1384 1293 1447 eontin-
1379 1449 1380 1458 ,

245 1473 293 1552 git
313 1467 455 1547 fabulis,
486 1489 621 1554 quarum
651 1479 844 1552 argumenta
876 1468 1005 1551 quidem
1026 1477 1106 1531 nota
1137 1488 1213 1532 esse
1233 1489 1291 1535 so·

243 1554 323 1634 lent,
347 1555 407 1620 sed
430 1557 543 1636 ignota
564 1555 649 1619 ratio
672 1565 733 1632 est,
756 1575 820 1638 qua
840 1566 941 1636 poeta
961 1573 1029 1618 rem
1052 1573 1146 1618 suom
1167 1565 1291 1619 tracta·
1379 1617 1380 1636 .

243 1642 343 1720 verit3
375 1642 513 1704 ducibus
535 1641 620 1703 enim
644 1639 782 1705 Graecis
811 1640 876 1704 boc
898 1637 1027 1723 quidem
1049 1638 1132 1704 loco·
1155 1642 1289 1707 omnino
1379 1649 1380 1686 l

243 1747 388 1812 egemus.
432 1727 467 1790 ln
490 1727 669 1790 comoediis
689 1737 798 1791 autem
821 1745 884 1791 nec
906 1724 1039 1790 fabulae
1059 1739 1290 1810 argumentum
1379 1785 1380 1800 .

242 1824 355 1878 notum
377 1822 437 1889 est,
460 1833 532 1876 cum
553 1831 608 1876 res
629 1833 719 1876 mere
740 1812 837 1876 fictae
858 1822 1049 1890 tractentur,
1073 1823 1116 1890 et,
1140 1817 1291 1898 utramvis
1379 1827 1380 1860 l

243 1898 404 1986 plurimae
426 1891 647 1963 Romanorum
676 1898 809 1964 fabulae
833 1919 852 1962 e
875 1897 1014 1963 Graecis
1043 1900 1201 1982 exemplis
1231 1902 1288 1965 de·
1379 1911 1380 1924 ¹

244 1997 370 2051 sumtae
392 1985 473 2065 sint,
504 2007 546 2049 ne
567 1985 631 2050 has
662 1987 791 2071 quidem
813 1996 928 2048 nostra
948 1983 1030 2048 vidit
1057 1996 1160 2050 aetas.
1205 1985 1289 2052 Gra·

243 2072 412 2137 vissimum
434 2070 515 2135 illud
536 2082 605 2150 est,
630 2073 726 2156 quod,
751 2081 786 2136 ut
807 2070 893 2136 infra
925 2071 1231 2151 demonstrabimus,
1252 2075 1289 2140 iu

242 2159 423 2224 comoediis
446 2161 515 2223 suis
544 2168 635 2224 totus
663 2159 733 2224 fere
755 2181 775 2223 a
796 2179 834 2223 se
863 2159 937 2241 ipso
959 2157 1106 2222 Naevius
1135 2169 1220 2238 stat,
1242 2160 1288 2226 ita

241 2245 328 2325 dico,
350 2255 386 2310 ut
407 2249 551 2310 veterem
573 2245 756 2311 Atticorum
777 2244 965 2324 imitandum
1000 2244 1063 2309 sibi
1089 2257 1289 2329 proponeret

241 2331 455 2413 comoediam,
477 2333 563 2396 unde
583 2343 734 2416 apparet,
760 2329 831 2396 fieri
852 2332 1039 2416 nentiquam
1061 2332 1227 2414 putuisse,
1252 2343 1288 2400 ut

239 2415 429 2501 Eupolidis,
452 2416 595 2495 Cratini,
616 2415 849 2500 Aristophanis
865 2417 1002 2482 ¹fabulas
1024 2415 1137 2482 Latino
1159 2439 1288 2482 sermo-

215 2514 220 2556 Ι
241 2524 285 2570 ne
306 2503 511 2586 exprimeret.
556 2502 624 2568 Sed
647 2501 689 2568 de
710 2503 776 2568 hac
796 2523 833 2566 re
865 2501 951 2568 infra
981 2503 1205 2586 disputabitur,
1226 2505 1285 2570 ubi

239 2591 273 2656 id
295 2590 393 2655 etiam
417 2609 564 2672 agemus,
584 2588 888 2670 utWelckerum1)
913 2600 1044 2673 togatas
1057 2587 1285 2656 fabulasNae·

239 2677 294 2742 vio
322 2673 440 2762 injuria
469 2675 678 2764 abjudicasse
699 2687 869 2761 appareat.
916 2674 1062 2762 Collegit
1089 2687 1285 2762 togatamm,

239 2783 324 2849 quas
346 2762 492 2827 Naevius
514 2764 659 2846 scripsit,
680 2759 866 2829 fabularum
888 2759 1075 2846 fragmenta

7 2899 8 2918 ¹
97 2842 105 2948 Ι,
192 2879 398 2977 ,ΝεαΙείνσΙι
422 2875 476 2954 (de
498 2877 604 2938 sabula
626 2882 732 2958 togata
753 2879 972 2938 Romanorum.
1016 2877 1178 2938 Accedunt
1194 2879 1283 2943 iabu-

365 2965 464 3024 lerum
484 2967 659 3044 togatarum
680 2966 847 3080 reliquiae3
866 2966 988 3041 Lipsiae
1014 2962 1122 3040 1833).

302 3163 336 3201 α.
380 3129 624 3220 'rogaturum
645 3139 952 3223 praetextartim
973 3143 1216 3222 fragmenta.

673 3294 841 3363 Romulus,
913 3275 916 3282 ⁴

322 3409 451 3494 Togata
473 3420 524 3476 est
544 3423 749 3495 praetextata
762 3417 803 3496 ²),
830 3411 944 3498 quales
965 3409 1107 3490 fabulae,
1129 3421 1164 3475 ut
1188 3419 1279 3494 toga·
1379 3443 1380 3456 κ

235 3507 289 3562 tas
309 3499 523 3576 tabernarias,
546 3499 671 3582 primus
694 3501 878 3584 composuit
897 3499 1040 3564 Naevius
1055 3502 1097 3582 ³).
1144 3497 1281 3563 Comoe·
1379 3555 1380 3572 ,

236 3583 322 3648 diam
333 3583 504 3648 Romulum
527 3583 630 3650 luisse
648 3584 726 3650 mibi
743 3588 872 3672 quidem
891 3582 1066 3649 verisimile
1085 3603 1151 3658 nun
1166 3595 1219 3648 est
1230 3587 1279 3667 4);

235 3688 278 3734 ne
301 3667 494 3734 Clastidium
516 3671 644 3754 quidem
667 3694 757 3738 mera
781 3672 951 3738 comoedia
972 3669 1042 3736 fuit.
1379 3679 1380 3684 ’

256 3803 258 3810 ’
320 3777 375 3842 An
403 3789 504 3844 totam
527 3779 657 3846 Romuli
687 3783 788 3847 vitam
809 3781 875 3848 bac
903 3778 1017 3846 fabula
1038 3777 1186 3844 Naevius
1214 3791 1278 3844 tra·
1379 3807 1380 3810 ¹

235 3865 386 3944 otaverit,
407 3865 564 3932 incertum
586 3877 654 3948 est;
684 3868 835 3935 infantuli
864 3889 946 3936 vero
974 3883 1092 3932 recens
1121 3866 1190 3931 nati
1207 3866 1279 3952 ⁴sata

239 4025 439 4038 ——un———n-

302 4113 330 4179 1)
357 4110 416 4166 Die
435 4107 547 4166 Gmecd.
569 4113 747 4186 Tragoedias
766 4068 838 4190 pop.
861 4119 928 4173 1345
951 4119 1011 4169 not.
1069 4110 1098 4179 2)
1124 4111 1278 4170 bbultirclt.

235 4199 255 4252 l.
273 4197 292 4250 l.
305 4215 376 4270 pop.
394 4203 435 4256 22·
453 4199 487 4253 23
500 4215 559 4268 sqq.
610 4202 642 4270 3)
662 4199 809 4256 Nectum
825 4201 845 4256 l.
859 4201 877 4256 l.
891 4219 963 4274 puy.
979 4203 1021 4258 66.
1073 4198 1106 4273 4)
1126 4205 1164 4274 ot.
1181 4204 1279 4274 Lanoe

119 4287 120 4292 ’
234 4281 629 4352 uindic.pap.14.not.18·
710 4326 713 4332 -
