2776 4892
477 283 751 358 *tto-

108 472 166 516 men
180 451 272 519 ‚iocus
296 458 424 534 veniat,
458 459 513 524 nbi
544 475 684 545 cogente
710 469 785 552 ripa
813 468 983 554 flectatur,
1012 480 1058 544 ita
1088 501 1129 545 ne

105 540 308 605 atrocissimus
346 545 473 627 quidem
510 546 543 610 in
577 549 626 614 ira
656 572 717 618 sua
750 575 881 640 semper
901 558 1129 646 'perseverare

105 625 201 707 possit.
242 627 386 692 Eandem
406 629 476 695 fere
498 637 692 703 sententiam
710 639 846 707 Bothius
862 647 1033 727 professus
1050 665 1127 718 erat.

107 710 213 774 Versus
234 734 298 777 non
320 717 415 780 unios
437 739 601 800 personae
622 735 692 801 est,
727 729 786 791 sed
810 731 958 798 dimidius
981 736 1127 820 ejusdcm

104 807 154 874 est,
174 799 222 881 qui
245 800 275 862 in
300 805 478 867 avertendo
495 803 649 894 Lycurgo
673 821 696 875 a'
717 815 904 896 pernicioso
928 842 1125 906 persequen-

103 883 127 944 di
153 883 265 948 Bacchi
296 887 435 952 consilio
467 889 613 972 laborat,
657 897 808 965 dimidius
837 901 941 986 ipsius
970 907 1122 993 Lycurgi.

99 968 243 1034 Obsecrat
265 974 348 1036 enim
371 973 427 1038 illc
449 994 560 1059 regem
581 1001 694 1061 snum,
730 1007 773 1052 ne
802 988 894 1072 ipsos
924 993 1017 1058 cives
1045 1017 1125 1062 suos
1230 1035 1233 1040 ,

98 1065 225 1134 evertat,
256 1077 338 1140 qnos
361 1072 394 1124 et
415 1064 510 1146 ipsos
532 1064 642 1134 surore
663 1069 854 1154 Bacchico,
885 1087 920 1142 ut
942 1081 997 1163 qui
1018 1084 1124 1150 amnis

42 1183 46 1198 .
94 1140 184 1204 instar
205 1143 285 1208 uitro
307 1158 430 1229 serpat,
453 1162 623 1236 correptos
646 1175 722 1222 esse
744 1157 879 1241 dicit1).
900 1163 981 1230 ⁴Cui
1000 1166 1122 1252 Lycur·

94 1244 159 1308 gns,
180 1249 304 1294 amnem
327 1231 412 1298 ultra
434 1233 530 1302 litora
553 1260 783 1328 progressum,
813 1249 910 1314 modo
934 1251 1122 1320 inflectatur

92 1323 119 1374 et
135 1313 299 1380 Maeandri
329 1321 433 1384 instar
462 1321 641 1392 flexuosum
675 1350 806 1398 cursum
839 1345 950 1400 tenere
973 1351 1121 1422 cogatur,

90 1396 174 1463 ticilc
194 1403 324 1484 reprimi
346 1413 657 1493 posse1·esp0ndet.;
679 1415 725 1482 ita
747 1439 785 1482 se
801 1439 930 1506 quoque
950 1437 1120 1492 canturam

90 1503 163 1564 esse,
183 1507 224 1552 ue
242 1487 276 1552 in
300 1489 364 1556 hac
386 1491 462 1558 labe
486 1497 576 1562 cives
599 1501 650 1564 sui
672 1503 726 1568 dio
748 1516 1017 1591 perseverent2).

160 1606 285 1692 Cispro
306 1613 397 1676 ultro
411 1616 501 1698 poni,
520 1618 680 1705 exemplis
689 1609 941 1697 additisNonius
954 1633 987 1716 ε)
1010 1631 1117 1698 docet.

562 1790 614 1854 16.

149 1901 278 1968 Nonius
289 1907 343 1986 4):
366 1908 548 1972 comnoonio
562 1917 611 1974 est
632 1914 734 1976 onirm‘
749 1915 919 1982 oto-octoas.
970 1919 1115 1988 Noctuine

81 1987 215 2074 Lycoupo
227 2013 238 2052 e

145 2135 184 2174 ne
207 2112 265 2176 ille
277 2119 339 2176 mei
347 2115 414 2193 feri
422 2113 530 2197 inponi
540 2127 634 2199 utque
644 2125 742 2185 animi
751 2125 856 2188 ocrem
864 2157 879 2169 -
887 2129 1090 2195 acrimoniam
1104 2123 1111 2192 ζ

77 2230 122 2291 noi
139 2230 211 2316 fort
231 2233 357 2315 inponit
380 2233 464 2317 conj.
483 2233 664 2317 Bongars.;
688 2256 753 2302 noe
773 2241 831 2322 itte
854 2245 916 2336 tuci
935 2244 1007 2330 fert
1024 2248 1110 2330 conj.

76 2311 184 2395 Soriv.;
208 2337 276 2380 uae
299 2320 384 2382 timet
406 2319 459 2382 vel
482 2322 587 2384 elimet
619 2324 722 2405 (quod
746 2327 881 2390 verbum
911 2349 971 2410 pro
989 2339 1112 2416 purpet

76 2418 119 2463 scu
147 2402 312 2468 diminuat
333 2404 396 2468 dici
420 2404 505 2489 vuit)
528 2407 599 2493 feri
618 2409 752 2491 ioopeuz'd
775 2413 860 2497 conj.
886 2412 981 2478 Both.
1028 2415 1109 2480 Ver·
1167 2439 1174 2458 ·

74 2484 130 2551 ium
153 2489 288 2554 scilicet
310 2491 586 2556 desideraverunt.
631 2492 740 2558 Recte
762 2494 829 2560 hoc
850 2494 926 2563 loco
946 2501 1108 2568 Ducntze-

72 2590 112 2636 ros
131 2573 286 2654 verbum,
309 2577 395 2659 quod
419 2573 618 2656 desiderant,
641 2591 698 2644 aut
715 2579 818 2645 altero
841 2602 940 2648 versu
961 2599 1108 2654 secutum

72 2669 120 2738 aut,
142 2673 178 2724 ut
201 2664 234 2725 in
259 2663 409 2725 oratione
432 2665 597 2728 concitata
619 2661 689 2728 fieri
708 2665 805 2745 solet,
828 2669 985 2733 omissum
1005 2685 1105 2754 putat.

69 2740 90 2805 io
109 2767 146 2810 eo
170 2759 286 2813 autem
308 2747 442 2827 fallitur,
466 2750 553 2832 quod
576 2759 707 2815 accuset
730 2753 801 2817 sive
822 2755 899 2819 mihi
931 2759 1108 2841 exprobret

67 2832 206 2898 omissum
237 2855 313 2898 esse
344 2837 521 2899 arbitratur
542 2847 574 2900 et
604 2840 748 2903 verbaa
777 2840 932 2925 Lycurgo
957 2845 1000 2908 ad
1023 2845 1104 2910 Sile·

63 2923 241 2990 numdicta
264 2922 425 3004 opinatur.
472 2919 533 2986 tue
557 2922 597 2986 dc
610 2922 765 3008 Lycurgo
788 2925 876 2990 falso
898 2931 1028 3011 accepit
1041 2932 1104 2995 Bo·

64 3000 141 3086 diue,
167 3009 213 3072 de
241 3005 376 3070 Baccho
399 3010 483 3072 bene
505 3006 719 3074 Duentzerus.
767 3009 891 3078 Verum
913 3017 1015 3080 verba
1036 3039 1103 3082 non

64 3096 245 3159 excusantis
269 3093 329 3157 scd
353 3092 532 3158 saevientis
554 3105 586 3159 et
608 3094 771 3160 furibundi
794 3110 869 3164 sunt
891 3099 948 3179 ita,
965 3113 1012 3180 ut,
1028 3125 1102 3168 cum

65 3173 160 3245 iterum
186 3181 379 3245 admonitus
402 3180 689 3265 essetLyourguS,
710 3204 753 3247 ne
773 3183 916 3270 iniquam
940 3209 1012 3252 oum
1031 3190 1101 3282 Deo
1161 3249 1168 3272 ,

64 3267 259 3350 praepotenti
282 3287 425 3350 pugnam
449 3280 613 3347 conserat,
631 3291 669 3334 se
691 3272 798 3338 vereri
818 3275 1017 3356 respondeat
1025 3323 1037 3354 ‚
1059 3299 1101 3342 nc

63 3345 96 3412 ilic
118 3355 185 3418 feri
211 3354 265 3417 sui
286 3354 408 3436 ingenii
429 3366 529 3439 atque
558 3377 670 3422 acrem
691 3357 790 3421 animi
816 3361 1021 3426 atrocitatem
1044 3384 1099 3426 cx·
1163 3426 1165 3430 .

62 3439 193 3514 periatur
206 3443 251 3520 ⁵).
295 3439 404 3520 Ferox
436 3442 534 3524 igitur
554 3443 643 3524 regis
676 3442 840 3524 ingenium
862 3466 936 3512 oum
959 3447 1100 3531 mitigari

62 3537 112 3589 sose
135 3548 212 3591 non
229 3524 384 3609 patiatur,
400 3529 530 3591 accedit
552 3548 625 3592 cum
642 3528 795 3594 militibus
807 3528 876 3594 suis
898 3531 942 3596 ad
962 3553 1011 3620 ea,
1031 3535 1100 3619 qui·

62 3602 100 3673 bos
119 3610 292 3678 Bacchae
315 3614 409 3701 orgia
432 3614 654 3694 celebrabant,
677 3613 764 3693 loca,
786 3616 855 3698 igni
876 3627 909 3680 ct
930 3612 1017 3683 ferro
1037 3641 1096 3694 ¹eu·

58 3694 229 3765 stincturus
252 3698 406 3784 quidquid
428 3700 472 3765 ad
494 3700 623 3768 Bacchi
645 3699 768 3767 cultum
785 3703 960 3788 pertineat.

58 3845 255 3876 *nu—‘-

98 3947 126 4016 l)
160 3941 214 4017 of.
236 3941 366 4000 Weleker
386 3942 493 4020 Tru'lop.
514 3964 587 4022 pap.
600 3948 669 4013 322;
695 3909 853 4014 Heumann.
870 3948 1022 4008 dudm.
1042 3952 1095 4022 lp.

53 4035 103 4102 θη.
123 4047 217 4106 paq.
234 4029 260 4086 ⁸.
310 4031 343 4101 d)
369 4031 410 4103 cf.
430 4029 534 4107 Ewtp.
554 4031 662 4092 Batou.
689 4034 813 4107 rrooqq.
862 4035 895 4101 3)
912 4048 984 4106 pap·
999 4033 1035 4089 92
1049 4033 1094 4094 M.

50 4105 134 4256 {aaa
158 4117 223 4256 ἐξ
239 4133 309 4276 aqu.
336 4119 501 4188 acrimonia
519 4119 646 4194 pap-tu
661 4117 704 4176 Μ
727 4118 764 4176 5ἳ
780 4118 814 4177 G.
864 4119 895 4187 ti)
920 4117 962 4188 cl.
988 4118 1093 4264 liudp.
