2828 4892
496 272 745 352 *51*

183 457 355 538 Baletium.
380 455 513 524 oodioas
542 453 769 538 Florentiam,
797 457 1011 538 Hauniansis,
1037 463 1136 536 aditio

37 573 41 586 ·
104 542 247 631 Scioppii
268 553 301 608 et
324 540 525 622 Schuettius,
540 541 743 610 Bollantiom
758 541 1002 619 Rholandellua·
1046 545 1137 620 Bona

105 643 231 698 ceterae
252 627 411 695 editiones
433 623 621 698 Baranam
641 639 770 701 tuentur
782 635 826 714 ¹).

183 750 252 818 Gur
287 760 395 816 autem
431 748 576 815 Naevius
605 770 627 816 a
659 741 845 817 balantibus
874 751 963 818 huno
995 771 1136 830 montem

104 837 299 922 appellatum
315 855 391 901 esse
407 845 574 914 statueret,
590 837 712 920 optima
727 849 807 920 arat,
823 839 886 903 nisi
900 837 1008 922 fallor,
1023 862 1133 914 causa.

103 923 181 989 Cum
205 924 289 988 enim
310 922 399 986 urbis
421 921 547 988 Romae
568 923 690 1008 primos
723 925 909 989 conditores
930 935 963 990 et
984 941 1135 1010 pastores

100 1008 202 1075 fuisse
223 1019 255 1074 et
281 1008 383 1092 primo
405 1005 471 1072 hoo
492 1009 526 1072 in
547 1018 656 1074 monte
684 1010 873 1075 subsedisse
900 1009 1012 1078 fabula
1040 1015 1136 1102 ferat,

100 1097 206 1179 ipsum
227 1107 377 1176 montem,
397 1104 509 1177 utpote
532 1105 742 1176 apostorum
771 1097 926 1180 gregibus
955 1101 1049 1183 quasi
1076 1103 1135 1171 ha·

101 1184 252 1263 bitatum,
274 1179 451 1245 balantium
472 1191 613 1244 montem
635 1180 712 1245 dicit
724 1185 766 1261 ²).
811 1181 921 1256 Quint
950 1186 1038 1268 quod
1058 1200 1135 1258 anta

99 1267 380 1351 ipsosRomanos
408 1266 577 1344 Arcades,
608 1266 662 1351 qui
683 1267 838 1352 imprimis
860 1279 1012 1352 pastores
1032 1287 1136 1361 erant,

98 1356 159 1419 sub
190 1374 269 1438 rege
298 1352 449 1417 Evandro
479 1352 511 1416 in
540 1348 689 1417 Palatino
719 1364 829 1420 monte
856 1354 1017 1422 modicum
1043 1363 1134 1448 oppi-

99 1441 174 1506 dum
206 1439 391 1506 condidisse
419 1436 581 1520 feruntur,
610 1435 696 1504 unde
724 1439 820 1504 etiam
849 1431 910 1504 Vir
933 1440 1006 1506 ilius
1021 1449 1053 1530 3)
1076 1469 1135 1518 no-

97 1544 173 1592 rnen
203 1547 225 1590 a
253 1525 417 1603 Pallante,
447 1521 591 1589 Evandri
619 1522 706 1602 filio,
736 1539 830 1612 quem
858 1525 917 1592 Pal
974 1525 1052 1599 tium
1078 1531 1136 1601 alii

97 1611 275 1692 roceam),
298 1612 435 1702 derivat,
456 1609 511 1677 alii
534 1611 576 1676 ab
599 1611 670 1698 ejus
691 1609 757 1677 filia
780 1609 940 1677 Pallantia
950 1615 994 1696 6).

183 1730 363 1884 BotthitusO
384 1730 418 1797 iu
448 1730 626 1798 ommoediis
648 1730 765 1798 Palatii
791 1731 986 1800 mentionem
1012 1731 1134 1806 factam

95 1837 176 1885 asae
197 1839 240 1904 pu
256 1839 275 1884 a
291 1862 299 1878 .

605 1943 637 2015 9.

184 2067 349 2152 Festus⁷)
380 2070 436 2135 nbi
466 2067 507 2134 de
533 2078 634 2152 ponte
663 2063 809 2133 Sublitio
830 2071 927 2152 agite
954 2079 1004 2151 et,
1025 2073 1134 2158 addit,

89 2161 238 2224 meminit
261 2155 404 2242 [noottot
423 2154 534 2242 pontis
558 2153 732 2242 NoeoimJ,
753 2156 810 2242 qni
829 2151 877 2220 uit
896 2155 931 2220 itt
951 2157 1031 2226 batti
1050 2161 1135 2249 [Pn-

88 2247 165 2310 πίει·
194 2245 311 2324 tibro].·

227 2387 318 2446 quom
340 2367 486 2444 liquidnm
509 2399 704 2424 ·······
726 2365 857 2428 (imment.

86 2484 143 2550 De
169 2479 367 2546 restituendo
388 2479 452 2544 hoo
473 2479 656 2564 fragmento
679 2495 751 2544 oum
768 2478 946 2562 Muellem,
964 2463 1134 2553 Sohaemo

88 2567 250 2654 despero.
293 2567 366 2630 Non
396 2565 529 2630 defuere
557 2576 684 2642 tamen,
713 2565 768 2650 qui
797 2564 861 2629 hao
888 2566 922 2630 in
944 2587 981 2631 ra
1009 2569 1135 2652 periali·

89 2658 153 2721 tati
188 2655 260 2718 sint.
303 2651 351 2716 lta
384 2651 542 2728 Ursinus,
575 2670 671 2734 quem
700 2649 846 2734 sequitur
873 2649 1134 2723 Lindemannus:

228 2789 320 2855 quum
342 2773 490 2852 liquidum
513 2775 647 2836 Sublicio
667 2776 769 2837 tranat
796 2777 890 2852 ponta
913 2795 1032 2854 amnem

90 2891 407 2981 spangenbergiust

226 3035 316 3094 quarn
339 3009 484 3091 liquidam
508 3005 754 3107 trahitySublicio
775 3013 871 3088 ponta
892 3024 1011 3092 aquam.

184 3126 330 3197 Pertinet
349 3129 416 3195 hoo
436 3119 650 3213 fragmentum
673 3126 744 3192 aina
766 3126 862 3194 dnbio
884 3129 928 3194 ad
949 3128 1065 3199 librum
1085 3151 1137 3204 aa·

93 3219 255 3296 nundum,
277 3217 332 3281 ubi
355 3218 395 3280 de
417 3214 590 3292 Aventino,
613 3204 738 3280 Palatio
761 3212 834 3277 aliis
855 3226 955 3298 poeta
976 3233 1016 3282 ex
1040 3223 1136 3286 osuit.

92 3308 171 3380 Quo
204 3316 312 3369 autem
335 3308 412 3388 jure
440 3301 628 3383 Blumius⁸)
656 3302 758 3365 verba
786 3299 827 3364 da
848 3300 982 3368 Horatio
1012 3241 1139 3373 goolita

91 3389 281 3473 intelligat,
302 3390 398 3460 immo
429 3399 529 3453 totam
553 3387 777 3452 Romanorum
797 3396 874 3450 ante
895 3384 1051 3454 Puniouni
1072 3389 1139 3456 bel·

90 3473 177 3543 lnm'
200 3477 337 3560 primum
369 3474 536 3538 historiam
567 3491 589 3536 a
616 3472 741 3538 Naevio
773 3471 877 3554 ipsius
907 3472 984 3538 belli
1016 3475 1137 3542 descri-

90 3563 203 3646 ptioni
225 3559 447 3644 ‘praemissam
478 3577 554 3625 esse
583 3557 658 3623 inde
681 3553 926 3639 concludam),
957 3574 1022 3622 non
1045 3559 1138 3637 intel·

90 3648 174 3735 ligo.
229 3647 311 3720 Quis
341 3646 425 3712 enim
455 3667 497 3712 ax
526 3643 598 3711 solo
630 3643 739 3728 pontis
761 3640 896 3708 Sublioii
924 3645 1159 3717 nominatae

90 3753 216 3801 eruere
245 3731 376 3818 potest?
418 3731 574 3817 Equidem
594 3731 637 3797 ad
659 3726 850 3795 condendae
876 3727 967 3794 urbis
994 3730 1049 3798 vel
1069 3734 1135 3802 Ro·

170 3979 202 4050 l)
223 3976 340 4034 Seruius
357 3975 376 4032 l.
395 3966 560 4031 t.v111.5i.
612 3969 643 4046 A)
661 3973 749 4030 Blom
763 3965 782 4027 l.
798 3965 816 4028 l.
829 3973 897 4048 paq.
917 3970 973 4032 154
1025 3971 1054 4048 3)
1073 3980 1140 4056 Aam
1166 3993 1168 3998 ’

91 4063 169 4119 vm.
192 4063 224 4118 51
244 4080 302 4134 sqq.
351 4053 384 4130 ’4)
404 4060 585 4116 &haemona
602 4060 642 4115 od
661 4055 810 4113 Ptoraron.
831 4055 979 4116 Cleom.'t.‘
995 4077 1062 4138 paq.
1082 4065 1140 4120 181.

88 4154 123 4221 5)
148 4149 386 4222 Blum.l.l.po9.
397 4147 461 4213 1233
487 4145 582 4214 Varro¹
594 4146 613 4201 l.
620 4145 639 4199 1.
642 4143 752 4220 pandi
763 4150 791 4198 et
798 4141 832 4203 59
840 4139 946 4220 Spano.
982 4147 1013 4218 ὃ)
1029 4145 1138 4223 fraym.

84 4249 248 4310 campan.
266 4235 301 4290 ‘26
334 4235 365 4304 7)
382 4225 619 4306 pantutmnett
653 4229 683 4297 8)
702 4229 873 4305 dependi.
908 4231 936 4298 9)
955 4230 994 4298 os.
1010 4248 1079 4305 paq.
1097 4234 1139 4310 ⁹⁸?

766 4324 809 4390 48
