2776 4892
580 292 888 372 'uid-

232 481 317 550 Livii
336 481 517 550 Andronici
538 495 657 548 versus
684 476 831 549 Satumii
847 478 900 560 ¹),
927 479 1014 546 unde
1041 485 1120 546 ante
1139 478 1282 548 Ennium

231 579 350 653 poetas
370 567 506 634 Latinos
536 563 638 652 longo
667 585 768 632 versu
794 583 875 632 usos
896 561 1001 631 fuisse
1029 584 1113 634 cave
1142 566 1280 634 conclu·

231 657 294 720 das
317 659 359 736 ²).

315 779 506 846 Sermonem
536 796 613 843 esse
641 778 683 843 de
709 773 845 843 foedere
873 795 896 843 a
917 775 1076 844 Romanis
1104 798 1179 844 enm
1200 779 1276 846 Hie·

231 885 312 934 rone
332 885 414 949 rege
434 867 513 943 icto,
535 865 620 929 bene
640 865 811 948 perspexit
826 861 965 944 Merula,
988 884 1061 929 curn
1084 884 1149 950 quo
1165 874 1277 930 tamen

230 951 522 1099 Spangeuberpius
543 949 577 1014 in
597 967 638 1014 eo
660 947 871 1014 vehementer
892 949 1031 1029 erravit,
1053 950 1142 1034 quod
1163 951 1195 1015 in
1220 971 1276 1016 se-

229 1039 331 1124 ptimo
345 1037 437 1102 'libro
464 1055 561 1102 coum
577 1053 672 1099 uuum
703 1034 827 1100 habere
855 1032 922 1099 hoc
941 1034 1275 1120 fragmentumputa-

229 1134 358 1202 verunt,
379 1123 425 1186 ita
446 1130 493 1199 ut,
518 1129 619 1204 pacta
640 1137 713 1186 eum
736 1118 1061 1203 Carthaginiensibus
1080 1119 1177 1205 pace,
1197 1121 1274 1186 Eie-

228 1230 343 1275 runem
371 1226 509 1290 regnum
537 1224 631 1270 suum
665 1205 807 1270 retinere
823 1204 982 1294 jusserint
1004 1206 1166 1286 Romani,
1198 1227 1274 1272 cum

228 1293 355 1378 reliqua
376 1291 491 1358 Sicilia
513 1292 545 1355 in
567 1291 758 1374 provinciae
779 1290 918 1356 sormam
938 1293 1150 1379 redigeretur.
1173 1291 1273 1358 Anno

229 1381 315 1444 enim
331 1377 418 1442 Dvr.
436 1398 467 1441 ιι.
478 1396 507 1441 e.
525 1375 694 1442 Romanos
710 1374 828 1445 foedus
844 1397 917 1444 cum
928 1377 1070 1442 Hierone
1087 1377 1201 1442 iniisse
1225 1380 1271 1441 di-

228 1476 316 1530 serte
345 1472 456 1529 narrat
477 1461 627 1527 Zonaras
641 1467 694 1542 ³),
718 1462 812 1547 cujus
833 1463 912 1527 anni
941 1463 1119 1547 descriptio
1142 1473 1217 1528 cnm
1237 1465 1272 1528 in

228 1561 356 1617 sextum
378 1547 532 1614 carminis
553 1545 672 1614 librum
687 1546 825 1626 incidat,
844 1547 924 1618 huic
943 1546 1029 1616 libro
1051 1549 1141 1617 hunc
1160 1545 1271 1618 locum

228 1633 459 1701 vindicandum
482 1633 606 1698 censui.
718 1679 722 1686 .

236 1793 241 1811 ,
315 1741 420 1810 Simul
440 1761 500 1828 pro
522 1761 591 1808 unu
611 1739 682 1810 sere
701 1741 825 1812 dictum
844 1747 897 1808 est
910 1745 954 1822 4).

731 1921 752 1986 3

309 2060 437 2129 Nonius
453 2065 504 2146 ε)ε
535 2081 668 2130 censere
690 2063 853 2152 siqnificot
873 2067 1069 2152 existimare,
1095 2061 1271 2134 arbitrari.

229 2145 376 2215 Naeuius
402 2147 523 2215 Punici
543 2147 621 2217 heiti
642 2149 726 2217 libro
747 2158 859 2216 sexto:
1192 2193 1195 2200 »

390 2269 519 2326 censent
541 2287 579 2326 co
598 2268 761 2328 ventirum
783 2268 903 2328 obviam
924 2268 1064 2332 Poenum
1085 2261 1101 2330 .'
1122 2310 1131 2327 .

222 2368 386 2436 henricus
412 2370 603 2454 Stephanus
618 2367 666 2436 'in
695 2372 765 2436 suis
793 2371 886 2437 libris
919 2371 1060 2436 Poenum
1087 2371 1273 2439 desiderari

180 2483 183 2488 ·
222 2453 374 2518 affirmat.
416 2455 601 2522 Mercerius
624 2457 788 2532 Poenum,-
819 2453 900 2521 nihil
932 2468 1121 2524 annotatum
1143 2459 1177 2522 in
1198 2459 1270 2522 cdi-

222 2539 312 2604 tione
328 2536 582 2606 'Gerlaehianas
609 2541 801 2626 Spargenb.
824 2553 856 2608 et
877 2541 1025 2608 Schuett.
1051 2545 1162 2630 Ponti,
1187 2565 1268 2609 con·

215 2635 367 2775 multa,
402 2624 436 2690 oi
466 2623 575 2694 fallor.
634 2627 859 2708 Hemrannus,
895 2627 1018 2741 esitato
1049 2630 1089 2742 in
1126 2631 1270 2719 diaecesi

387 2824 515 2885 censent
537 2844 573 2885 eo
595 2830 758 2889 venturum
780 2828 898 2888 obviem
919 2828 1068 2890 Poenum.

218 2928 351 3080 {teporo
386 2925 459 2998 fere
486 2929 694 3013 Schuettius‚·
731 2953 928 3021 quamquam
963 2934 1178 3020 pessumdato
1211 2957 1267 3004 ec-

259 3036 280 3079 n
295 3037 335 3081 ur
921 3053 925 3060 ·

384 3129 515 3192 morant
535 3131 572 3192 ed
594 3133 757 3194 ventrirum
779 3133 896 3194 dbriim
920 3129 1059 3216 (Poeni).

215 3233 304 3296 Idem
327 3231 416 3317 apud
439 3229 746 3321 spangenbergium
767 3239 886 3325 legitur
907 3257 1044 3319 versus,
1078 3241 1133 3325 qui
1155 3251 1266 3308 tamen

216 3337 334 3386 vocem
358 3317 463 3389 Poeni
484 3323 579 3419 urreis
599 3321 762 3390 liberavit.
826 3360 828 3368 ,
950 3338 953 3346 ·
1000 3335 1004 3341 ’
1124 3367 1126 3374 s
1193 3373 1213 3381 ..

300 3451 595 3538 Spangenbergius
616 3473 748 3526 versum
770 3459 813 3524 ad
835 3458 967 3525 Poenos
988 3455 1100 3542 refert,
1123 3461 1178 3545 qni
1199 3459 1263 3526 Lu-

214 3537 348 3618 tatium,
370 3541 466 3624 pacis
488 3542 692 3610 conditiones
714 3543 923 3624 afferentem,
946 3545 1078 3610 obviam
1100 3549 1162 3612 sibi
1184 3559 1274 3612 νειμ

214 3633 323 3688 turam
356 3645 424 3691 non
452 3627 613 3693 immerito
643 3631 911 3699 existimaverint.
955 3631 1000 3696 At
1022 3630 1063 3696 de
1081 3649 1167 3716 pace
1188 3630 1263 3698 ulti·

212 3725 267 3772 mo
297 3707 427 3776 demum
460 3711 545 3780 libro
575 3718 744 3798 agebatur.
795 3716 878 3784 Mihi
908 3715 1038 3801 quidem
1075 3717 1141 3784 hoc
1171 3717 1261 3803 frog·

212 3801 358 3860 mentum
387 3797 431 3861 ad
452 3798 589 3868 Fabium
611 3799 789 3870 Buteonem
818 3803 984 3889 pertinere
1001 3803 1152 3884 ridetur,
1181 3803 1262 3871 Dre-

210 3972 418 3992 m

278 4088 306 4158 1)
328 4087 426 4146 &ann
444 4089 522 4144 anat.
540 4096 605 4152 crit.
619 4115 692 4172 pap.
706 4099 750 4155 33.
801 4101 831 4170 2)
848 4098 1030 4174 cti-pomi·
1082 4103 1114 4176 3)
1131 4101 1203 4158 vm.
1221 4103 1263 4162 to.

207 4169 344 4322 ἓὲῖΚῇἑεξ
361 4177 411 4316 ἱιὲἳ
422 4172 544 4315 {eliuth
564 4177 650 4237 Catii.
668 4183 711 4238 20.
726 4199 795 4258 pop.
820 4186 877 4242 105·
901 4188 960 4306 ..5)
980 4204 1003 4245 t·
1019 4205 1045 4241 o.
1064 4203 1176 4244 camno
1192 4200 1265 4262 pap.
