2802 4908
513 343 561 362 ···
612 307 790 392 209.-

129 491 261 560 bertate‘
278 490 385 578 magis
405 487 578 578 magisque
598 490 760 575 privavit,
792 501 894 580 utque
913 503 1049 579 postera
1069 507 1177 580 emas,

129 578 183 645 oni
203 595 313 662 nugae
346 595 449 662 saepe
480 587 513 642 et
543 575 637 642 lusus
658 576 700 642 ia·
715 575 861 662 delicie,
889 578 1055 666 elegantia
1087 595 1177 651 certe
1267 601 1270 608 “

127 664 265 751 majoris
286 664 384 748 quam
408 662 570 728 sententia
591 672 625 728 et
645 663 697 728 vie
714 665 814 814 pretii
839 675 930 749 erat,
951 667 1177 738 Romanarum

127 749 296 815 literarum
324 749 416 814 initio
445 749 487 814 ad
509 747 647 814 Ennium
677 767 714 814 re
729 761 832 828 erret,
862 751 1023 818 Naevium
1051 753 1176 822 fere-in

30 838 32 844 ’
128 846 297 901 contemtu
318 833 461 901 haberet.
505 833 574 899 Sed
595 835 668 920 ipse
691 835 790 900 etiam
808 831 935 902 Ennius
957 838 1084 906 meliori
1098 843 1177 928 jure

125 921 299 986 Romanus
321 921 386 985 dici
407 929 535 1005 potest,
565 941 663 1006 quarn
692 916 747 1005 qni
780 922 853 1010 ejus
883 920 1022 1007 vestigia
1045 945 1176 1010 presse·
1252 961 1254 966 v

125 1017 219 1086 ruut;
252 1005 329 1071 milri
357 1008 487 1093 quidem
514 1007 633 1091 ingens
663 1003 721 1071 ille
734 1005 846 1072 ¹heros
873 1008 1013 1092 Virgilio
1028 1015 1177 1079 *omniuo

28 1139 32 1148 .
124 1091 364 1178 praeferendus
392 1093 544 1158 neeme-
580 1092 691 1177 Atque
727 1093 815 1178 quod
850 1094 883 1159 in
916 1115 989 1161 eum
1020 1098 1176 1182 congessi
1267 1129 1271 1138 ·

126 1190 357 1262 corruptarum
385 1177 551 1244 literarum
581 1178 722 1256 crimen,
755 1179 788 1244 iri
811 1189 844 1243 et
864 1179 971 1265 ipsum
995 1191 1176 1270 temporum

124 1265 235 1348 magis
267 1281 365 1351 quam
386 1264 481 1329 Ennii
509 1273 569 1328 est.
617 1263 763 1328 Pinnata
791 1265 877 1330 enim
901 1268 1015 1353 produ
1035 1279 1069 1336 et
1089 1271 1175 1354 rapi·

124 1351 263 1416 dissime
294 1371 391 1416 cursu
421 1363 488 1414 non
517 1346 633 1414 literae
660 1348 768 1414 solum
797 1347 944 1434 alienae,
976 1354 1036 1419 sed
1066 1374 1175 1423 mores

28 1487 31 1510 ,
119 1437 226 1520 ,etiam
248 1446 281 1501 et
300 1435 380 1500 vitia
410 1432 519 1501 aliena
548 1435 582 1498 in
603 1431 788 1502 Romanam
817 1450 947 1520 gentem
975 1451 1043 1506 tum
1074 1439 1174 1508 irrue-

28 1519 30 1526 '
122 1521 277 1608 bant,‚ut
298 1523 451 1586 resistere
473 1521 502 1586 is
525 1521 582 1584 vix
604 1531 738 1606 posset,
760 1543 857 1609 quern
877 1544 941 1590 nec
963 1525 1095 1593 Romae
1116 1545 1174 1595 nu·

123 1619 196 1674 tum
218 1619 251 1673 et
274 1605 414 1673 Graecis
435 1606 613 1692 praecipue
641 1604 744 1673 literis
776 1609 932 1676 imbutum
961 1609 1066 1678 fuisse
1096 1634 1174 1680 con·

122 1705 203 1760 stat.
248 1689 368 1758 Melias
389 1691 554 1758 mehercle
585 1693 626 1758 de
655 1692 758 1760 literis
778 1693 942 1761 Romanis
963 1707 1071 1764 actum
1093 1693 1174 1766 suis·

122 1790 199 1858 set,
233 1775 262 1844 si
292 1779 415 1844 sensim
444 1778 633 1861 sensimque
661 1797 723 1846 sua
745 1777 915 1862 excolere,
945 1802 1043 1868 quam
1065 1782 1176 1852 aliene

27 1863 29 1922 ὲ
122 1864 238 1932 statim
260 1865 408 1948 recipere
440 1871 473 1928 et
493 1862 671 1942 aemulari,
702 1862 819 1928 melius
848 1863 965 1950 igitur,
998 1865 1046 1950 si,
1076 1888 1174 1953 quam

27 1973 28 1980 ¹
120 1952 215 2017 viam
236 1947 382 2015 Naevius
412 1948 582 2032 ingressus
612 1960 683 2015 erat
707 1956 741 2014 et
769 1969 835 2033 qua
864 1963 982 2034 postea
1003 1949 1113 2019 Attius
1140 1967 1175 2022 et

120 2032 274 2105 Lucilius
295 2032 510 2112 incedebant,
543 2053 641 2118 perse
665 2034 696 2100 ui
726 2033 920 2100 voluissent.
963 2037 1036 2103 Sed'
1060 2039 1103 2104 ad
1127 2042 1174 2105 di·

122 2125 268 2190 ctionem
278 2116 483 2187 Naeuianum
495 2121 606 2185 redeo.
643 2056 1060 2206 ί10118131,ειηῑίῳιίεεὶηιοε
1075 2143 1173 2210 quos·

121 2213 192 2294 qu'e
214 2211 332 2291 politas
353 2204 527 2272 Romanos
549 2204 666 2271 liturae
688 2223 835 2290 operam,
857 2207 989 2273 dedisse
1010 2205 1081 2276 iere
1102 2211 1173 2285 uul-
1235 2221 1247 2235 ²

122 2289 248 2374 iam1).
294 2293 343 2358 lta
365 2289 462 2356 etiam
483 2290 638 2356 Naevius.
682 2289 809 2378 Populo
831 2292 917 2358 enim
939 2295 1084 2380 scripsit,
1106 2318 1173 2364 uon

122 2373 280 2458 literatiS,
310 2380 457 2443 carmine
479 2378 684 2462 composuit,
707 2389 743 2444 trt
762 2379 893 2462 ingenio
915 2395 976 2446 suo
999 2380 1174 2450 satisface·

120 2471 178 2532 ret
197 2474 230 2531 et
251 2463 350 2529 animi
372 2459 520 2551 cogitata
541 2462 733 2545 effunderet,
761 2481 825 2530 non
848 2475 883 2530 ut
904 2463 1031 2533 otiosas
1052 2467 1179 2535 mulce:

122 2562 180 2618 ret
203 2566 308 2616 aures.
351 2550 464 2635 ltaque
485 2564 597 2614 eorum
612 2545 741 2634 judicie
755 2549 955 2632 reformidat,
977 2552 1088 2637 quide
1108 2554 1173 2622 ele·

122 2637 243 2722 gentio
264 2634 370 2702 solum
387 2630 548 2722 judicant,
580 2653 647 2698 non
671 2634 713 2699 de
734 2635 768 2699 vi
789 2645 823 2700 et
843 2639 1077 2704 senitentiarum
1100 2659 1173 2724 gra·

120 2725 247 2801 vitate,
278 2721 333 2808 qui
362 2732 488 2786 vestem
517 2718 641 2784 malunt
670 2737 866 2804 purpuream
888 2714 1011 2788 homini
1033 2743 1174 2811 nequem

120 2811 320 2885 detractam,
343 2828 441 2891 quem
463 2803 568 2870 virum
589 2803 834 2890 gravissimum,
858 2805 991 2874 sordida
1013 2822 1103 2876 veste
1124 2813 1173 2876 in·

122 2893 251 2962 dutum.
296 2893 390 2967 Quae
413 2893 453 2956 de
474 2887 613 2970 Lucilio,
636 2893 692 2978 qui
709 2889 894 2958 Tarentinis
916 2903 949 2958 et
964 2893 1174 2963 Consentinis

120 2994 160 3049 et
190 2975 330 3057 Siculis,
366 2987 480 3062 utpote
501 2979 705 3062 ⁸incorrupta
737 2977 946 3062 simplicitate
976 2977 1172 3064 homiuibus,

119 3063 274 3136 scribere
298 3081 335 3130 se
356 3059 530 3148 professus
551 3071 633 3144 erat,
655 3060 771 3130 Cicero
788 3068 819 3150 ²)
834 3063 979 3152 exponit,
1002 3083 1040 3133 ea
1053 3069 1174 3154 magis,

120 3152 280 3240 quentin
312 3153 419 3237 ipsulm
441 3147 619 3228 Lucilium,
652 3149 686 3214 iu
707 3144 867 3216 Naevlum
898 3154 1036 3219 ceduntt
1069 3171 1174 3244 neque

123 3245 196 3306 tum
218 3235 308 3303 docti
330 3239 394 3300 ium
417 3241 532 3316 murti,
560 3235 607 3301 ud
625 3257 776 3323 -qnorum
800 3235 962 3326 judicium
984 3239 1178 3308 elaboraret

120 3333 159 3394 et
182 3332 257 3390 stent
278 3323 350 3410 ejus
370 3320 498 3407 scripta
517 3321 653 3400 leuiore,
674 3323 1043 3390 sternutamentum
1064 3343 1171 3410 eppo
1236 3383 1239 3388 Α

119 3415 213 3494 real,
236 3407 394 3476 doctrino
404 3407 586 3474 mediocris.
629 3402 721 3476 Haec
735 3409 972 3492 praemittenda
989 3431 1064 3477 esse
1081 3413 1171 3494 duxi,

119 3519 171 3566 ne
194 3499 279 3584 quis,
305 3495 479 3562 fastidioso
502 3504 535 3563 et
555 3491 666 3579 iniquo
687 3491 818 3560 Horatii
839 3505 873 3562 et
894 3491 1102 3570 Quinctiliani
1119 3497 1171 3587 jtr·

119 3583 215 3651 dicio
248 3583 345 3648 nimis
375 3579 529 3664 conlisus,
552 3582 821 3646 contemnendum
853 3587 984 3664 politam
1012 3582 1173 3652 Naevium

120 3689 206 3737 esse
233 3679 336 3754 putet.
380 3666 411 3732 A
442 3667 646 3734 Graecorum
673 3667 759 3732 enim
787 3669 936 3752 partibus
961 3665 1005 3733 'hi
1034 3679 1111 3737 sunt
1140 3683 1174 3736 et

119 3757 329 3840 elegantiam
348 3752 507 3837 imprimis
537 3756 659 3838 po'etae
676 3754 894 3838 appetendam
917 3773 992 3832 esse
1012 3757 1172 3822 arbitren-

118 3856 191 3927 tur,
213 3862 312 3930 quam
333 3858 507 3912 censuram
527 3841 561 3909 iu
580 3838 798 3928 dijudicandis
817 3838 960 3926 uniquis'
982 3843 1092 3927 potitis
1106 3863 1173 3910 uon

116 3993 338 4018 ——unn--h-

197 4112 226 4181 1)
244 4109 338 4170 ermlt
354 4109 391 4166 de
405 4107 467 4181 tob·
486 4107 571 4168 Atell.
583 4125 656 4184 pop·
666 4111 731 4176 1223
750 4102 885 4184 streptu
901 4103 1055 4194 iePucrto.
1069 4109 1173 4171 Dolor.

109 4210 196 4273 pag·
213 4201 249 4260 5,·
281 4194 382 4254 Osann
406 4194 486 4252 coel.
503 4200 568 4254 ortt.
590 4202 727 4272 popliir
752 4196 853 4270 lange
869 4196 975 4254 nodie.
992 4205 1067 4272 trop.
1087 4200 1173 4256 Rom.

112 4301 198 4359 pap.
217 4287 244 4341 5.
293 4279 489 4352 ademi.
507 4280 572 4343 18.
590 4279 616 4342 7.

716 4373 968 4478 ,114
