<?xml version="1.0" encoding="UTF-8"?>
<!DOCTYPE html PUBLIC "-//W3C//DTD XHTML 1.0 Transitional//EN"
    "http://www.w3.org/TR/xhtml1/DTD/xhtml1-transitional.dtd">
<html xmlns="http://www.w3.org/1999/xhtml" xml:lang="en" lang="en">
 <head>
  <title>
</title>
<meta http-equiv="Content-Type" content="text/html;charset=utf-8" />
  <meta name='ocr-system' content='tesseract 3.04.00' />
  <meta name='ocr-capabilities' content='ocr_page ocr_carea ocr_par ocr_line ocrx_word'/>
</head>
<body>
  <div class='ocr_page' id='page_1' title='image "./naeviivitamdesc00klusgoog/naeviivitamdesc00klusgoog_0052.png"; bbox 0 0 2828 4892; ppageno 0'>
   <div class='ocr_carea' id='block_1_1' title="bbox 527 317 779 387">
    <p class='ocr_par' dir='ltr' id='par_1_1' title="bbox 527 317 779 387">
     <span class='ocr_line' id='line_1_1' title="bbox 527 317 779 387; baseline 0 -19"><span class='ocrx_word' id='word_1_1' title='bbox 527 317 779 387; x_wconf 56' lang='lat'>..37-</span> 
     </span>
    </p>
   </div>
   <div class='ocr_carea' id='block_1_2' title="bbox 251 499 1173 1863">
    <p class='ocr_par' dir='ltr' id='par_1_2' title="bbox 251 499 1173 1863">
     <span class='ocr_line' id='line_1_2' title="bbox 258 499 1173 579; baseline 0 -17"><span class='ocrx_word' id='word_1_2' title='bbox 258 505 413 579; x_wconf 84' lang='lat' dir='ltr'><strong>sequentis</strong></span> <span class='ocrx_word' id='word_1_3' title='bbox 445 503 572 560; x_wconf 78' lang='lat' dir='ltr'><strong>emissus</strong></span> <span class='ocrx_word' id='word_1_4' title='bbox 600 499 679 562; x_wconf 83' lang='lat' dir='ltr'><strong>liber</strong></span> <span class='ocrx_word' id='word_1_5' title='bbox 708 503 781 577; x_wconf 78' lang='lat' dir='ltr'><strong>est).</strong></span> <span class='ocrx_word' id='word_1_6' title='bbox 826 501 938 562; x_wconf 79' lang='lat' dir='ltr'><strong>Multos</strong></span> <span class='ocrx_word' id='word_1_7' title='bbox 957 509 1073 564; x_wconf 79' lang='lat' dir='ltr'><strong>temere</strong></span> <span class='ocrx_word' id='word_1_8' title='bbox 1096 502 1173 562; x_wconf 80' lang='lat' dir='ltr'><strong>itae-</strong></span> 
     </span>
     <span class='ocr_line' id='line_1_3' title="bbox 256 586 1173 662; baseline 0.001 -14"><span class='ocrx_word' id='word_1_9' title='bbox 256 591 346 648; x_wconf 82' lang='lat' dir='ltr'><strong>viano</strong></span> <span class='ocrx_word' id='word_1_10' title='bbox 376 587 501 648; x_wconf 77' lang='lat' dir='ltr'><strong>carmini</strong></span> <span class='ocrx_word' id='word_1_11' title='bbox 531 605 637 648; x_wconf 76' lang='lat' dir='ltr'><strong>uersus</strong></span> <span class='ocrx_word' id='word_1_12' title='bbox 668 586 814 646; x_wconf 70' lang='lat' dir='ltr'><strong>adscribit</strong></span> <span class='ocrx_word' id='word_1_13' title='bbox 841 607 879 648; x_wconf 87' lang='lat' dir='ltr'><strong>es</strong></span> <span class='ocrx_word' id='word_1_14' title='bbox 908 587 975 650; x_wconf 82' lang='lat' dir='ltr'><strong>sola</strong></span> <span class='ocrx_word' id='word_1_15' title='bbox 1003 588 1040 648; x_wconf 92' lang='lat' dir='ltr'><strong>de</strong></span> <span class='ocrx_word' id='word_1_16' title='bbox 1070 607 1173 662; x_wconf 83' lang='lat' dir='ltr'><strong>causa,</strong></span> 
     </span>
     <span class='ocr_line' id='line_1_4' title="bbox 259 671 1171 750; baseline 0 -17"><span class='ocrx_word' id='word_1_17' title='bbox 259 673 395 750; x_wconf 81' lang='lat' dir='ltr'><strong>quodie</strong></span> <span class='ocrx_word' id='word_1_18' title='bbox 417 675 547 748; x_wconf 84' lang='lat' dir='ltr'><strong>metrum</strong></span> <span class='ocrx_word' id='word_1_19' title='bbox 568 673 746 733; x_wconf 79' lang='lat' dir='ltr'><strong>Saturnium</strong></span> <span class='ocrx_word' id='word_1_20' title='bbox 768 671 883 734; x_wconf 86' lang='lat' dir='ltr'><strong>includi</strong></span> <span class='ocrx_word' id='word_1_21' title='bbox 905 691 995 750; x_wconf 79' lang='lat' dir='ltr'><strong>posse</strong></span> <span class='ocrx_word' id='word_1_22' title='bbox 1021 675 1171 747; x_wconf 78' lang='lat' dir='ltr'><strong>ridentur,</strong></span> 
     </span>
     <span class='ocr_line' id='line_1_5' title="bbox 258 757 1171 836; baseline 0.003 -18"><span class='ocrx_word' id='word_1_23' title='bbox 258 777 357 836; x_wconf 91' lang='lat' dir='ltr'><strong>neque</strong></span> <span class='ocrx_word' id='word_1_24' title='bbox 391 775 427 816; x_wconf 91' lang='lat' dir='ltr'><strong>eo</strong></span> <span class='ocrx_word' id='word_1_25' title='bbox 461 757 649 836; x_wconf 89' lang='lat' dir='ltr'><strong>deterretur,</strong></span> <span class='ocrx_word' id='word_1_26' title='bbox 680 758 779 836; x_wconf 89' lang='lat' dir='ltr'><strong>quod,</strong></span> <span class='ocrx_word' id='word_1_27' title='bbox 810 761 846 817; x_wconf 90' lang='lat' dir='ltr'><strong>ut</strong></span> <span class='ocrx_word' id='word_1_28' title='bbox 875 760 1035 824; x_wconf 84' lang='lat' dir='ltr'><strong>Saturnius</strong></span> <span class='ocrx_word' id='word_1_29' title='bbox 1065 778 1171 822; x_wconf 79' lang='lat' dir='ltr'><strong>versus</strong></span> 
     </span>
     <span class='ocr_line' id='line_1_6' title="bbox 258 841 1172 924; baseline 0.003 -21"><span class='ocrx_word' id='word_1_30' title='bbox 258 845 410 917; x_wconf 85' lang='lat' dir='ltr'><strong>evaderet,</strong></span> <span class='ocrx_word' id='word_1_31' title='bbox 432 844 528 902; x_wconf 88' lang='lat' dir='ltr'><strong>multa</strong></span> <span class='ocrx_word' id='word_1_32' title='bbox 549 843 695 905; x_wconf 88' lang='lat' dir='ltr'><strong>mutanda</strong></span> <span class='ocrx_word' id='word_1_33' title='bbox 718 841 859 922; x_wconf 78' lang='lat' dir='ltr'><strong>erant1).</strong></span> <span class='ocrx_word' id='word_1_34' title='bbox 903 845 972 904; x_wconf 82' lang='lat' dir='ltr'><strong>Alia</strong></span> <span class='ocrx_word' id='word_1_35' title='bbox 1001 843 1172 924; x_wconf 76' lang='lat' dir='ltr'><strong>fragmenta</strong></span> 
     </span>
     <span class='ocr_line' id='line_1_7' title="bbox 257 925 1171 1008; baseline 0 -20"><span class='ocrx_word' id='word_1_36' title='bbox 257 932 427 988; x_wconf 72' lang='lat' dir='ltr'><strong>trimetrum</strong></span> <span class='ocrx_word' id='word_1_37' title='bbox 452 929 619 1005; x_wconf 85' lang='lat' dir='ltr'><strong>jambioum</strong></span> <span class='ocrx_word' id='word_1_38' title='bbox 633 925 665 1008; x_wconf 80' lang='lat'><strong>²)</strong></span> <span class='ocrx_word' id='word_1_39' title='bbox 696 933 750 989; x_wconf 87' lang='lat' dir='ltr'><strong>aut</strong></span> <span class='ocrx_word' id='word_1_40' title='bbox 779 930 968 989; x_wconf 82' lang='lat' dir='ltr'><strong>trochaicum</strong></span> <span class='ocrx_word' id='word_1_41' title='bbox 997 929 1171 1008; x_wconf 80' lang='lat' dir='ltr'><strong>metrum³)</strong></span> 
     </span>
     <span class='ocr_line' id='line_1_8' title="bbox 256 1014 1170 1091; baseline 0 -17"><span class='ocrx_word' id='word_1_42' title='bbox 256 1015 406 1088; x_wconf 78' lang='lat' dir='ltr'><strong>exhibent,</strong></span> <span class='ocrx_word' id='word_1_43' title='bbox 441 1014 634 1072; x_wconf 89' lang='lat' dir='ltr'><strong>nihilomiuus</strong></span> <span class='ocrx_word' id='word_1_44' title='bbox 665 1017 779 1088; x_wconf 85' lang='lat' dir='ltr'><strong>tameo,</strong></span> <span class='ocrx_word' id='word_1_45' title='bbox 814 1019 949 1091; x_wconf 83' lang='lat' dir='ltr'><strong>quemvis</strong></span> <span class='ocrx_word' id='word_1_46' title='bbox 986 1015 1170 1089; x_wconf 73' lang='lat' dir='ltr'><strong>dubitanter,</strong></span> 
     </span>
     <span class='ocr_line' id='line_1_9' title="bbox 255 1099 1170 1179; baseline 0.002 -21"><span class='ocrx_word' id='word_1_47' title='bbox 255 1103 334 1160; x_wconf 90' lang='lat' dir='ltr'><strong>inter</strong></span> <span class='ocrx_word' id='word_1_48' title='bbox 365 1102 524 1159; x_wconf 80' lang='lat' dir='ltr'><strong>Saturnios</strong></span> <span class='ocrx_word' id='word_1_49' title='bbox 561 1101 756 1174; x_wconf 70' lang='lat' dir='ltr'><strong>referunturr</strong></span> <span class='ocrx_word' id='word_1_50' title='bbox 794 1101 893 1178; x_wconf 73' lang='lat' dir='ltr'><strong>quid?</strong></span> <span class='ocrx_word' id='word_1_51' title='bbox 934 1099 1017 1176; x_wconf 86' lang='lat' dir='ltr'><strong>quod</strong></span> <span class='ocrx_word' id='word_1_52' title='bbox 1045 1101 1170 1179; x_wconf 85' lang='lat' dir='ltr'><strong>phalae—</strong></span> 
     </span>
     <span class='ocr_line' id='line_1_10' title="bbox 255 1185 1171 1260; baseline 0.002 -14"><span class='ocrx_word' id='word_1_53' title='bbox 255 1203 342 1246; x_wconf 83' lang='lat' dir='ltr'><strong>oeum</strong></span> <span class='ocrx_word' id='word_1_54' title='bbox 366 1185 654 1260; x_wconf 80' lang='lat' dir='ltr'><strong>hendecasyllabum</strong></span> <span class='ocrx_word' id='word_1_55' title='bbox 677 1187 779 1246; x_wconf 78' lang='lat' dir='ltr'><strong>Laevii</strong></span> <span class='ocrx_word' id='word_1_56' title='bbox 803 1188 833 1244; x_wconf 92' lang='lat' dir='ltr'><strong>in</strong></span> <span class='ocrx_word' id='word_1_57' title='bbox 858 1187 1033 1250; x_wconf 83' lang='lat' dir='ltr'><strong>Saturnium</strong></span> <span class='ocrx_word' id='word_1_58' title='bbox 1064 1205 1171 1248; x_wconf 82' lang='lat' dir='ltr'><strong>corru-</strong></span> 
     </span>
     <span class='ocr_line' id='line_1_11' title="bbox 251 1267 1170 1352; baseline 0.003 -24"><span class='ocrx_word' id='word_1_59' title='bbox 251 1273 299 1348; x_wconf 87' lang='lat' dir='ltr'><strong>pit</strong></span> <span class='ocrx_word' id='word_1_60' title='bbox 312 1267 488 1351; x_wconf 64' lang='lat' dir='ltr'><strong>versumt).</strong></span> <span class='ocrx_word' id='word_1_61' title='bbox 526 1273 668 1332; x_wconf 91' lang='lat' dir='ltr'><strong>Priorum</strong></span> <span class='ocrx_word' id='word_1_62' title='bbox 690 1274 807 1336; x_wconf 83' lang='lat' dir='ltr'><strong>tantum</strong></span> <span class='ocrx_word' id='word_1_63' title='bbox 829 1273 977 1338; x_wconf 91' lang='lat' dir='ltr'><strong>librorum</strong></span> <span class='ocrx_word' id='word_1_64' title='bbox 998 1272 1170 1352; x_wconf 85' lang='lat' dir='ltr'><strong>fragmenta</strong></span> 
     </span>
     <span class='ocr_line' id='line_1_12' title="bbox 253 1357 1169 1436; baseline 0.002 -22"><span class='ocrx_word' id='word_1_65' title='bbox 253 1359 283 1414; x_wconf 89' lang='lat' dir='ltr'><strong>in</strong></span> <span class='ocrx_word' id='word_1_66' title='bbox 315 1357 451 1416; x_wconf 86' lang='lat' dir='ltr'><strong>ordinem</strong></span> <span class='ocrx_word' id='word_1_67' title='bbox 482 1357 632 1432; x_wconf 89' lang='lat' dir='ltr'><strong>quendam</strong></span> <span class='ocrx_word' id='word_1_68' title='bbox 670 1357 811 1436; x_wconf 85' lang='lat' dir='ltr'><strong>digessit,</strong></span> <span class='ocrx_word' id='word_1_69' title='bbox 841 1359 871 1416; x_wconf 92' lang='lat' dir='ltr'><strong>in</strong></span> <span class='ocrx_word' id='word_1_70' title='bbox 901 1359 1027 1434; x_wconf 87' lang='lat' dir='ltr'><strong>reliquis</strong></span> <span class='ocrx_word' id='word_1_71' title='bbox 1057 1361 1169 1430; x_wconf 88' lang='lat' dir='ltr'><strong>autem,</strong></span> 
     </span>
     <span class='ocr_line' id='line_1_13' title="bbox 254 1443 1169 1524; baseline 0.001 -23"><span class='ocrx_word' id='word_1_72' title='bbox 254 1444 389 1518; x_wconf 80' lang='lat' dir='ltr'><strong>quamvis</strong></span> <span class='ocrx_word' id='word_1_73' title='bbox 412 1443 450 1500; x_wconf 94' lang='lat' dir='ltr'><strong>de</strong></span> <span class='ocrx_word' id='word_1_74' title='bbox 473 1443 649 1524; x_wconf 81' lang='lat' dir='ltr'><strong>fragmentis</strong></span> <span class='ocrx_word' id='word_1_75' title='bbox 671 1462 727 1502; x_wconf 90' lang='lat' dir='ltr'><strong>suo</strong></span> <span class='ocrx_word' id='word_1_76' title='bbox 749 1443 818 1504; x_wconf 88' lang='lat' dir='ltr'><strong>loco</strong></span> <span class='ocrx_word' id='word_1_77' title='bbox 840 1444 1036 1504; x_wconf 88' lang='lat' dir='ltr'><strong>restituendis</strong></span> <span class='ocrx_word' id='word_1_78' title='bbox 1059 1444 1169 1520; x_wconf 86' lang='lat' dir='ltr'><strong>despe-</strong></span> 
     </span>
     <span class='ocr_line' id='line_1_14' title="bbox 253 1529 1168 1608; baseline 0.003 -23"><span class='ocrx_word' id='word_1_79' title='bbox 253 1547 347 1601; x_wconf 85' lang='lat' dir='ltr'><strong>rans,</strong></span> <span class='ocrx_word' id='word_1_80' title='bbox 385 1529 670 1608; x_wconf 72' lang='lat' dir='ltr'><strong>spangenbergium</strong></span> <span class='ocrx_word' id='word_1_81' title='bbox 703 1529 890 1604; x_wconf 88' lang='lat' dir='ltr'><strong>pedetentim</strong></span> <span class='ocrx_word' id='word_1_82' title='bbox 924 1530 1071 1604; x_wconf 88' lang='lat' dir='ltr'><strong>seqnitur.</strong></span> <span class='ocrx_word' id='word_1_83' title='bbox 1121 1529 1168 1588; x_wconf 84' lang='lat' dir='ltr'><strong>lle</strong></span> 
     </span>
     <span class='ocr_line' id='line_1_15' title="bbox 252 1613 1168 1691; baseline 0.003 -20"><span class='ocrx_word' id='word_1_84' title='bbox 252 1617 370 1688; x_wconf 88' lang='lat' dir='ltr'><strong>metro,</strong></span> <span class='ocrx_word' id='word_1_85' title='bbox 402 1633 462 1689; x_wconf 89' lang='lat' dir='ltr'><strong>quo</strong></span> <span class='ocrx_word' id='word_1_86' title='bbox 492 1633 566 1674; x_wconf 89' lang='lat' dir='ltr'><strong>usus</strong></span> <span class='ocrx_word' id='word_1_87' title='bbox 598 1617 661 1687; x_wconf 88' lang='lat' dir='ltr'><strong>est,</strong></span> <span class='ocrx_word' id='word_1_88' title='bbox 687 1613 753 1691; x_wconf 84' lang='lat' dir='ltr'><strong>jam</strong></span> <span class='ocrx_word' id='word_1_89' title='bbox 781 1635 874 1691; x_wconf 87' lang='lat' dir='ltr'><strong>supra</strong></span> <span class='ocrx_word' id='word_1_90' title='bbox 901 1616 1083 1674; x_wconf 87' lang='lat' dir='ltr'><strong>sententiam</strong></span> <span class='ocrx_word' id='word_1_91' title='bbox 1112 1634 1168 1674; x_wconf 92' lang='lat' dir='ltr'><strong>uo-</strong></span> 
     </span>
     <span class='ocr_line' id='line_1_16' title="bbox 253 1698 1168 1780; baseline 0.002 -24"><span class='ocrx_word' id='word_1_92' title='bbox 253 1703 347 1757; x_wconf 88' lang='lat' dir='ltr'><strong>strem</strong></span> <span class='ocrx_word' id='word_1_93' title='bbox 385 1698 614 1762; x_wconf 81' lang='lat' dir='ltr'><strong>deelaravimus</strong></span> <span class='ocrx_word' id='word_1_94' title='bbox 664 1701 756 1759; x_wconf 82' lang='lat' dir='ltr'><strong>Auxit</strong></span> <span class='ocrx_word' id='word_1_95' title='bbox 785 1704 888 1760; x_wconf 90' lang='lat' dir='ltr'><strong>tamen</strong></span> <span class='ocrx_word' id='word_1_96' title='bbox 927 1700 1168 1780; x_wconf 76' lang='lat' dir='ltr'><strong>fragmentorum</strong></span> 
     </span>
     <span class='ocr_line' id='line_1_17' title="bbox 252 1787 1075 1863; baseline 0.004 -19"><span class='ocrx_word' id='word_1_97' title='bbox 252 1802 422 1858; x_wconf 88' lang='lat' dir='ltr'><strong>numerum,</strong></span> <span class='ocrx_word' id='word_1_98' title='bbox 445 1804 628 1862; x_wconf 81' lang='lat' dir='ltr'><strong>quamquam</strong></span> <span class='ocrx_word' id='word_1_99' title='bbox 651 1787 774 1863; x_wconf 81' lang='lat' dir='ltr'><strong>saepius</strong></span> <span class='ocrx_word' id='word_1_100' title='bbox 795 1788 934 1846; x_wconf 84' lang='lat' dir='ltr'><strong>versibus</strong></span> <span class='ocrx_word' id='word_1_101' title='bbox 956 1787 1075 1848; x_wconf 80' lang='lat' dir='ltr'><strong>alienis.</strong></span> 
     </span>
    </p>
   </div>
   <div class='ocr_carea' id='block_1_3' title="bbox 120 1874 1167 2068">
    <p class='ocr_par' dir='ltr' id='par_1_3' title="bbox 120 1874 1167 2068">
     <span class='ocr_line' id='line_1_18' title="bbox 211 1874 1167 1983; baseline 0.002 -21"><span class='ocrx_word' id='word_1_102' title='bbox 211 1874 261 1962; x_wconf 78' lang='lat' dir='ltr'><strong>De</strong></span> <span class='ocrx_word' id='word_1_103' title='bbox 282 1897 407 1964; x_wconf 87' lang='lat' dir='ltr'><strong>edendo</strong></span> <span class='ocrx_word' id='word_1_104' title='bbox 431 1899 546 1965; x_wconf 81' lang='lat' dir='ltr'><strong>Naevii</strong></span> <span class='ocrx_word' id='word_1_105' title='bbox 574 1897 722 1964; x_wconf 87' lang='lat' dir='ltr'><strong>debello</strong></span> <span class='ocrx_word' id='word_1_106' title='bbox 748 1899 875 1964; x_wconf 82' lang='lat' dir='ltr'><strong>Punico</strong></span> <span class='ocrx_word' id='word_1_107' title='bbox 905 1899 1049 1965; x_wconf 74' lang='lat' dir='ltr'><strong>camino</strong></span> <span class='ocrx_word' id='word_1_108' title='bbox 1077 1899 1167 1983; x_wconf 81' lang='lat' dir='ltr'><strong>eogi-</strong></span> 
     </span>
     <span class='ocr_line' id='line_1_19' title="bbox 120 1983 493 2068; baseline -0.005 -18"><span class='ocrx_word' id='word_1_109' title='bbox 120 1996 233 2050; x_wconf 82' lang='lat' dir='ltr'><strong>tarunt</strong></span> <span class='ocrx_word' id='word_1_110' title='bbox 252 1983 307 2050; x_wconf 89' lang='lat' dir='ltr'><strong>vel</strong></span> <span class='ocrx_word' id='word_1_111' title='bbox 329 1985 493 2068; x_wconf 83' lang='lat' dir='ltr'><strong>negitent:</strong></span> 
     </span>
    </p>
   </div>
   <div class='ocr_carea' id='block_1_4' title="bbox 122 2105 1167 2338">
    <p class='ocr_par' dir='ltr' id='par_1_4' title="bbox 122 2105 1167 2338">
     <span class='ocr_line' id='line_1_20' title="bbox 122 2105 1167 2185; baseline -0.009 -11"><span class='ocrx_word' id='word_1_112' title='bbox 122 2113 166 2174; x_wconf 77' lang='lat' dir='ltr'><strong>H.</strong></span> <span class='ocrx_word' id='word_1_113' title='bbox 188 2113 388 2172; x_wconf 82' lang='lat' dir='ltr'><strong>Duentzerus</strong></span> <span class='ocrx_word' id='word_1_114' title='bbox 401 2106 444 2185; x_wconf 89' lang='lat'><strong>⁵),</strong></span> <span class='ocrx_word' id='word_1_115' title='bbox 460 2110 518 2168; x_wconf 86' lang='lat' dir='ltr'><strong>nisi</strong></span> <span class='ocrx_word' id='word_1_116' title='bbox 532 2110 590 2167; x_wconf 88' lang='lat' dir='ltr'><strong>inin</strong></span> <span class='ocrx_word' id='word_1_117' title='bbox 605 2107 762 2185; x_wconf 89' lang='lat' dir='ltr'><strong>promissis</strong></span> <span class='ocrx_word' id='word_1_118' title='bbox 781 2105 901 2165; x_wconf 87' lang='lat' dir='ltr'><strong>stetisse</strong></span> <span class='ocrx_word' id='word_1_119' title='bbox 919 2107 1092 2180; x_wconf 85' lang='lat' dir='ltr'><strong>arbitratur,</strong></span> <span class='ocrx_word' id='word_1_120' title='bbox 1110 2125 1167 2184; x_wconf 88' lang='lat' dir='ltr'><strong>pu-</strong></span> 
     </span>
     <span class='ocr_line' id='line_1_21' title="bbox 251 2192 1166 2336; baseline -0.001 -85"><span class='ocrx_word' id='word_1_121' title='bbox 251 2194 372 2336; x_wconf 41' lang='lat' dir='ltr'><strong>Iindicatis</strong></span> <span class='ocrx_word' id='word_1_122' title='bbox 386 2195 433 2293; x_wconf 31' lang='lat' dir='ltr'><strong>‘in</strong></span> <span class='ocrx_word' id='word_1_123' title='bbox 465 2196 543 2252; x_wconf 94' lang='lat' dir='ltr'><strong>libro</strong></span> <span class='ocrx_word' id='word_1_124' title='bbox 566 2213 622 2253; x_wconf 88' lang='lat' dir='ltr'><strong>suo</strong></span> <span class='ocrx_word' id='word_1_125' title='bbox 645 2193 683 2254; x_wconf 85' lang='lat' dir='ltr'><strong>de</strong></span> <span class='ocrx_word' id='word_1_126' title='bbox 706 2209 796 2252; x_wconf 87' lang='lat' dir='ltr'><strong>versu</strong></span> <span class='ocrx_word' id='word_1_127' title='bbox 820 2192 964 2250; x_wconf 83' lang='lat' dir='ltr'><strong>Saturnio</strong></span> <span class='ocrx_word' id='word_1_128' title='bbox 989 2195 1166 2273; x_wconf 80' lang='lat' dir='ltr'><strong>fragmentis</strong></span> 
     </span>
     <span class='ocr_line' id='line_1_22' title="bbox 279 2297 418 2338; baseline 0.014 -2"><span class='ocrx_word' id='word_1_129' title='bbox 279 2297 418 2338; x_wconf 78' lang='lat' dir='ltr'><strong>aerioma.</strong></span> 
     </span>
    </p>
   </div>
   <div class='ocr_carea' id='block_1_5' title="bbox 120 2395 356 2467">
    <p class='ocr_par' dir='ltr' id='par_1_5' title="bbox 120 2395 356 2467">
     <span class='ocr_line' id='line_1_23' title="bbox 120 2395 356 2467; baseline -0.004 -8"><span class='ocrx_word' id='word_1_130' title='bbox 120 2399 304 2459; x_wconf 76' lang='lat' dir='ltr'><strong>Grouertus</strong></span> <span class='ocrx_word' id='word_1_131' title='bbox 317 2395 356 2467; x_wconf 89' lang='lat'><strong>⁶).</strong></span> 
     </span>
    </p>
   </div>
   <div class='ocr_carea' id='block_1_6' title="bbox 540 2569 747 2584">
    <p class='ocr_par' dir='ltr' id='par_1_6' title="bbox 540 2569 747 2584">
     <span class='ocr_line' id='line_1_24' title="bbox 540 2569 747 2584; baseline -0.005 -2"><span class='ocrx_word' id='word_1_132' title='bbox 540 2569 747 2584; x_wconf 59' lang='lat' dir='ltr'><em>m</em></span> 
     </span>
    </p>
   </div>
   <div class='ocr_carea' id='block_1_7' title="bbox 430 2793 854 2886">
    <p class='ocr_par' dir='ltr' id='par_1_7' title="bbox 430 2793 854 2886">
     <span class='ocr_line' id='line_1_25' title="bbox 430 2793 854 2886; baseline -0.005 -24"><span class='ocrx_word' id='word_1_133' title='bbox 430 2795 629 2886; x_wconf 73' lang='lat' dir='ltr'><strong>Fragmenta</strong></span> <span class='ocrx_word' id='word_1_134' title='bbox 654 2793 724 2862; x_wconf 91' lang='lat' dir='ltr'><strong>libri</strong></span> <span class='ocrx_word' id='word_1_135' title='bbox 753 2795 854 2882; x_wconf 78' lang='lat' dir='ltr'><strong>primi.</strong></span> 
     </span>
    </p>
   </div>
   <div class='ocr_carea' id='block_1_8' title="bbox 634 2956 662 3020">
    <p class='ocr_par' dir='ltr' id='par_1_8' title="bbox 634 2956 662 3020">
     <span class='ocr_line' id='line_1_26' title="bbox 634 2956 662 3020; baseline -0.036 0"><span class='ocrx_word' id='word_1_136' title='bbox 634 2956 662 3020; x_wconf 91' lang='lat' dir='ltr'><strong>l.</strong></span> 
     </span>
    </p>
   </div>
   <div class='ocr_carea' id='block_1_9' title="bbox 117 3061 1165 3402">
    <p class='ocr_par' dir='ltr' id='par_1_9' title="bbox 117 3061 1165 3402">
     <span class='ocr_line' id='line_1_27' title="bbox 208 3061 1165 3158; baseline 0 -20"><span class='ocrx_word' id='word_1_137' title='bbox 208 3073 332 3139; x_wconf 87' lang='lat' dir='ltr'><strong>initium</strong></span> <span class='ocrx_word' id='word_1_138' title='bbox 355 3075 508 3140; x_wconf 84' lang='lat' dir='ltr'><strong>carminis</strong></span> <span class='ocrx_word' id='word_1_139' title='bbox 537 3076 569 3138; x_wconf 90' lang='lat' dir='ltr'><strong>in</strong></span> <span class='ocrx_word' id='word_1_140' title='bbox 593 3061 770 3158; x_wconf 81' lang='lat' dir='ltr'><strong>Calpurnio</strong></span> <span class='ocrx_word' id='word_1_141' title='bbox 794 3071 919 3137; x_wconf 88' lang='lat' dir='ltr'><strong>Pisone</strong></span> <span class='ocrx_word' id='word_1_142' title='bbox 948 3090 1009 3136; x_wconf 89' lang='lat' dir='ltr'><strong>suo</strong></span> <span class='ocrx_word' id='word_1_143' title='bbox 1039 3071 1105 3138; x_wconf 89' lang='lat' dir='ltr'><strong>hoe</strong></span> <span class='ocrx_word' id='word_1_144' title='bbox 1127 3094 1165 3138; x_wconf 90' lang='lat' dir='ltr'><strong>se</strong></span> 
     </span>
     <span class='ocr_line' id='line_1_28' title="bbox 119 3157 1165 3246; baseline -0.003 -19"><span class='ocrx_word' id='word_1_145' title='bbox 119 3162 243 3244; x_wconf 84' lang='lat' dir='ltr'><strong>legisse</strong></span> <span class='ocrx_word' id='word_1_146' title='bbox 272 3159 414 3226; x_wconf 85' lang='lat' dir='ltr'><strong>affirmat</strong></span> <span class='ocrx_word' id='word_1_147' title='bbox 436 3160 628 3246; x_wconf 58' lang='lat' dir='ltr'><strong>naeniam:</strong></span> <span class='ocrx_word' id='word_1_148' title='bbox 661 3158 720 3226; x_wconf 81' lang='lat' dir='ltr'><strong>On.</strong></span> <span class='ocrx_word' id='word_1_149' title='bbox 746 3157 893 3224; x_wconf 83' lang='lat' dir='ltr'><strong>Noeoies</strong></span> <span class='ocrx_word' id='word_1_150' title='bbox 921 3159 1006 3222; x_wconf 85' lang='lat' dir='ltr'><strong>bello</strong></span> <span class='ocrx_word' id='word_1_151' title='bbox 1040 3159 1165 3224; x_wconf 78' lang='lat' dir='ltr'><strong>Punico</strong></span> 
     </span>
     <span class='ocr_line' id='line_1_29' title="bbox 117 3245 1165 3402; baseline 0.001 -93"><span class='ocrx_word' id='word_1_152' title='bbox 117 3249 227 3402; x_wconf 39' lang='lat' dir='ltr'><strong>psinm</strong></span> <span class='ocrx_word' id='word_1_153' title='bbox 249 3249 470 3312; x_wconf 74' lang='lat' dir='ltr'><strong>immaritatas</strong></span> <span class='ocrx_word' id='word_1_154' title='bbox 492 3245 583 3333; x_wconf 84' lang='lat' dir='ltr'><strong>(lege</strong></span> <span class='ocrx_word' id='word_1_155' title='bbox 604 3250 849 3326; x_wconf 76' lang='lat' dir='ltr'><strong>immoraturus)</strong></span> <span class='ocrx_word' id='word_1_156' title='bbox 873 3247 982 3322; x_wconf 82' lang='lat' dir='ltr'><strong>enuit,</strong></span> <span class='ocrx_word' id='word_1_157' title='bbox 1004 3254 1040 3310; x_wconf 85' lang='lat' dir='ltr'><strong>nt</strong></span> <span class='ocrx_word' id='word_1_158' title='bbox 1062 3249 1165 3310; x_wconf 81' lang='lat' dir='ltr'><strong>solent</strong></span> 
     </span>
     <span class='ocr_line' id='line_1_30' title="bbox 118 3339 304 3400; baseline -0.016 0"><span class='ocrx_word' id='word_1_159' title='bbox 118 3339 181 3400; x_wconf 77' lang='lat' dir='ltr'><strong>ilo</strong></span> <span class='ocrx_word' id='word_1_160' title='bbox 204 3353 304 3398; x_wconf 81' lang='lat' dir='ltr'><strong>aeuo:</strong></span> 
     </span>
    </p>
   </div>
   <div class='ocr_carea' id='block_1_10' title="bbox 288 3449 935 3612">
    <p class='ocr_par' dir='ltr' id='par_1_10' title="bbox 288 3449 935 3612">
     <span class='ocr_line' id='line_1_31' title="bbox 288 3449 935 3526; baseline -0.008 -18"><span class='ocrx_word' id='word_1_161' title='bbox 288 3449 354 3526; x_wconf 76' lang='lat' dir='ltr'><strong>Qui</strong></span> <span class='ocrx_word' id='word_1_162' title='bbox 374 3450 474 3507; x_wconf 81' lang='lat' dir='ltr'><strong>terrai</strong></span> <span class='ocrx_word' id='word_1_163' title='bbox 493 3449 604 3512; x_wconf 80' lang='lat' dir='ltr'><strong>Latini</strong></span> <span class='ocrx_word' id='word_1_164' title='bbox 624 3467 770 3510; x_wconf 84' lang='lat' dir='ltr'><strong>omnonee</strong></span> <span class='ocrx_word' id='word_1_165' title='bbox 791 3454 935 3507; x_wconf 67' lang='lat' dir='ltr'><strong>tuterunt</strong></span> 
     </span>
     <span class='ocr_line' id='line_1_32' title="bbox 292 3531 837 3612; baseline -0.004 -18"><span class='ocrx_word' id='word_1_166' title='bbox 292 3537 385 3594; x_wconf 83' lang='lat' dir='ltr'><strong>Viros</strong></span> <span class='ocrx_word' id='word_1_167' title='bbox 407 3536 562 3612; x_wconf 78' lang='lat' dir='ltr'><strong>rudesque</strong></span> <span class='ocrx_word' id='word_1_168' title='bbox 584 3537 723 3598; x_wconf 82' lang='lat' dir='ltr'><strong>Poenico</strong></span> <span class='ocrx_word' id='word_1_169' title='bbox 742 3531 837 3608; x_wconf 79' lang='lat' dir='ltr'><strong>fabor</strong></span> 
     </span>
    </p>
   </div>
   <div class='ocr_carea' id='block_1_11' title="bbox 120 3637 939 3729">
    <p class='ocr_par' dir='ltr' id='par_1_11' title="bbox 120 3637 939 3729">
     <span class='ocr_line' id='line_1_33' title="bbox 120 3637 939 3729; baseline -0.012 -22"><span class='ocrx_word' id='word_1_170' title='bbox 120 3663 205 3729; x_wconf 76' lang='lat' dir='ltr'><strong>quos</strong></span> <span class='ocrx_word' id='word_1_171' title='bbox 227 3660 344 3706; x_wconf 87' lang='lat' dir='ltr'><strong>versus</strong></span> <span class='ocrx_word' id='word_1_172' title='bbox 364 3639 492 3706; x_wconf 85' lang='lat' dir='ltr'><strong>Merula</strong></span> <span class='ocrx_word' id='word_1_173' title='bbox 513 3641 560 3706; x_wconf 88' lang='lat' dir='ltr'><strong>ita</strong></span> <span class='ocrx_word' id='word_1_174' title='bbox 579 3640 716 3708; x_wconf 87' lang='lat' dir='ltr'><strong>mutavit</strong></span> <span class='ocrx_word' id='word_1_175' title='bbox 737 3637 939 3725; x_wconf 81' lang='lat' dir='ltr'><strong>digessitque</strong></span> 
     </span>
    </p>
   </div>
   <div class='ocr_carea' id='block_1_12' title="bbox 292 3751 1016 3917">
    <p class='ocr_par' dir='ltr' id='par_1_12' title="bbox 292 3751 1016 3917">
     <span class='ocr_line' id='line_1_34' title="bbox 292 3751 1016 3830; baseline -0.017 -14"><span class='ocrx_word' id='word_1_176' title='bbox 292 3757 370 3830; x_wconf 78' lang='lat' dir='ltr'><strong>Quoi</strong></span> <span class='ocrx_word' id='word_1_177' title='bbox 390 3758 503 3815; x_wconf 87' lang='lat' dir='ltr'><strong>terrani</strong></span> <span class='ocrx_word' id='word_1_178' title='bbox 525 3757 641 3816; x_wconf 86' lang='lat' dir='ltr'><strong>Latiaei</strong></span> <span class='ocrx_word' id='word_1_179' title='bbox 663 3757 829 3815; x_wconf 87' lang='lat' dir='ltr'><strong>hemoones</strong></span> <span class='ocrx_word' id='word_1_180' title='bbox 851 3751 1016 3808; x_wconf 90' lang='lat' dir='ltr'><strong>tuuserunt</strong></span> 
     </span>
     <span class='ocr_line' id='line_1_35' title="bbox 292 3838 892 3917; baseline -0.008 -18"><span class='ocrx_word' id='word_1_181' title='bbox 292 3843 388 3900; x_wconf 83' lang='lat' dir='ltr'><strong>Vireis</strong></span> <span class='ocrx_word' id='word_1_182' title='bbox 410 3841 598 3917; x_wconf 82' lang='lat' dir='ltr'><strong>iruudesque</strong></span> <span class='ocrx_word' id='word_1_183' title='bbox 620 3842 771 3900; x_wconf 82' lang='lat' dir='ltr'><strong>Poenicus</strong></span> <span class='ocrx_word' id='word_1_184' title='bbox 792 3838 892 3898; x_wconf 82' lang='lat' dir='ltr'><strong>fabor.</strong></span> 
     </span>
    </p>
   </div>
   <div class='ocr_carea' id='block_1_13' title="bbox 119 4010 330 4025">
    <p class='ocr_par' dir='ltr' id='par_1_13' title="bbox 119 4010 330 4025">
     <span class='ocr_line' id='line_1_36' title="bbox 119 4010 330 4025; baseline -0.009 0"><span class='ocrx_word' id='word_1_185' title='bbox 119 4010 330 4025; x_wconf 48' lang='grc' dir='ltr'><strong>..ψ</strong></span> 
     </span>
    </p>
   </div>
   <div class='ocr_carea' id='block_1_14' title="bbox 118 4089 1165 4358">
    <p class='ocr_par' dir='ltr' id='par_1_14' title="bbox 118 4089 1165 4358">
     <span class='ocr_line' id='line_1_37' title="bbox 193 4089 1164 4188; baseline -0.01 -20"><span class='ocrx_word' id='word_1_186' title='bbox 193 4117 218 4184; x_wconf 82' lang='lat' dir='ltr'><strong>i)</strong></span> <span class='ocrx_word' id='word_1_187' title='bbox 235 4115 344 4188; x_wconf 70' lang='grc' dir='ltr'><em>[ναφη.</em></span> <span class='ocrx_word' id='word_1_188' title='bbox 369 4116 394 4172; x_wconf 84' lang='grc'><strong>3.</strong></span> <span class='ocrx_word' id='word_1_189' title='bbox 412 4118 436 4170; x_wconf 85' lang='grc'><strong>7.</strong></span> <span class='ocrx_word' id='word_1_190' title='bbox 455 4115 489 4170; x_wconf 82' lang='grc'><strong>65</strong></span> <span class='ocrx_word' id='word_1_191' title='bbox 509 4122 537 4170; x_wconf 82' lang='lat' dir='ltr'><strong>et</strong></span> <span class='ocrx_word' id='word_1_192' title='bbox 552 4113 595 4168; x_wconf 82' lang='lat' dir='ltr'><strong>uu.</strong></span> <span class='ocrx_word' id='word_1_193' title='bbox 655 4111 684 4178; x_wconf 74' lang='lat'><strong>2)</strong></span> <span class='ocrx_word' id='word_1_194' title='bbox 701 4110 809 4183; x_wconf 69' lang='lat' dir='ltr'><strong>sraqm.</strong></span> <span class='ocrx_word' id='word_1_195' title='bbox 835 4089 875 4164; x_wconf 58' lang='grc' dir='ltr'><strong>Ἦ).</strong></span> <span class='ocrx_word' id='word_1_196' title='bbox 936 4111 964 4176; x_wconf 77' lang='grc'><strong>3)</strong></span> <span class='ocrx_word' id='word_1_197' title='bbox 989 4109 1096 4180; x_wconf 72' lang='grc' dir='ltr'><strong>[ναφιι.</strong></span> <span class='ocrx_word' id='word_1_198' title='bbox 1123 4107 1164 4160; x_wconf 79' lang='lat' dir='ltr'><strong>iii.</strong></span> 
     </span>
     <span class='ocr_line' id='line_1_38' title="bbox 118 4191 1165 4272; baseline -0.012 -15"><span class='ocrx_word' id='word_1_199' title='bbox 118 4205 149 4269; x_wconf 81' lang='lat' dir='ltr'><strong>d)</strong></span> <span class='ocrx_word' id='word_1_200' title='bbox 170 4199 278 4272; x_wconf 60' lang='lat' dir='ltr'><strong>[raom.</strong></span> <span class='ocrx_word' id='word_1_201' title='bbox 298 4201 341 4256; x_wconf 76' lang='lat' dir='ltr'><strong>et.</strong></span> <span class='ocrx_word' id='word_1_202' title='bbox 395 4204 424 4267; x_wconf 85' lang='lat'><strong>5)</strong></span> <span class='ocrx_word' id='word_1_203' title='bbox 444 4199 583 4255; x_wconf 68' lang='lat' dir='ltr'><strong>Zeita-br.</strong></span> <span class='ocrx_word' id='word_1_204' title='bbox 600 4197 653 4270; x_wconf 81' lang='lat' dir='ltr'><strong>siin</strong></span> <span class='ocrx_word' id='word_1_205' title='bbox 669 4195 878 4253; x_wconf 75' lang='lat' dir='ltr'><strong>Altertltumsw.</strong></span> <span class='ocrx_word' id='word_1_206' title='bbox 903 4193 977 4249; x_wconf 82' lang='grc'><strong>1838.</strong></span> <span class='ocrx_word' id='word_1_207' title='bbox 998 4207 1070 4266; x_wconf 70' lang='lat' dir='ltr'><strong>pay.</strong></span> <span class='ocrx_word' id='word_1_208' title='bbox 1092 4191 1165 4245; x_wconf 78' lang='lat' dir='ltr'><strong>itte.</strong></span> 
     </span>
     <span class='ocr_line' id='line_1_39' title="bbox 120 4277 988 4358; baseline -0.018 -13"><span class='ocrx_word' id='word_1_209' title='bbox 120 4290 156 4358; x_wconf 79' lang='grc'><strong>6)</strong></span> <span class='ocrx_word' id='word_1_210' title='bbox 178 4286 318 4344; x_wconf 70' lang='lat' dir='ltr'><strong>zntemr.</strong></span> <span class='ocrx_word' id='word_1_211' title='bbox 333 4285 360 4356; x_wconf 72' lang='lat' dir='ltr'><strong>f.</strong></span> <span class='ocrx_word' id='word_1_212' title='bbox 376 4287 432 4342; x_wconf 76' lang='lat' dir='ltr'><strong>Aa.</strong></span> <span class='ocrx_word' id='word_1_213' title='bbox 453 4285 526 4340; x_wconf 77' lang='lat' dir='ltr'><strong>ieta</strong></span> <span class='ocrx_word' id='word_1_214' title='bbox 543 4301 611 4358; x_wconf 70' lang='lat' dir='ltr'><strong>paq·</strong></span> <span class='ocrx_word' id='word_1_215' title='bbox 629 4283 688 4338; x_wconf 69' lang='lat'><strong>584.</strong></span> <span class='ocrx_word' id='word_1_216' title='bbox 741 4281 770 4348; x_wconf 76' lang='lat'><strong>7)</strong></span> <span class='ocrx_word' id='word_1_217' title='bbox 787 4281 807 4334; x_wconf 90' lang='lat' dir='ltr'><strong>l.</strong></span> <span class='ocrx_word' id='word_1_218' title='bbox 826 4281 844 4336; x_wconf 89' lang='lat' dir='ltr'><strong>l.</strong></span> <span class='ocrx_word' id='word_1_219' title='bbox 858 4297 929 4354; x_wconf 73' lang='lat' dir='ltr'><strong>paq.</strong></span> <span class='ocrx_word' id='word_1_220' title='bbox 948 4277 988 4330; x_wconf 77' lang='lat' dir='ltr'><strong>ti.</strong></span> 
     </span>
    </p>
   </div>
   <div class='ocr_carea' id='block_1_15' title="bbox 0 0 1418 4892">
    <p class='ocr_par' dir='ltr' id='par_1_15' title="bbox 0 0 1418 4892">
     <span class='ocr_line' id='line_1_40' title="bbox 0 0 1418 4892; baseline 0 2"><span class='ocrx_word' id='word_1_221' title='bbox 0 0 1418 4892; x_wconf 95' lang='lat' dir='ltr'><strong> </strong></span> 
     </span>
    </p>
   </div>
   <div class='ocr_carea' id='block_1_16' title="bbox 1407 4257 1411 4336">
    <p class='ocr_par' dir='ltr' id='par_1_16' title="bbox 1407 4231 1411 4380">
     <span class='ocr_line' id='line_1_41' title="bbox 1407 4257 1411 4336; baseline 0 10"><span class='ocrx_word' id='word_1_222' title='bbox 1407 4257 1411 4336; x_wconf 67' lang='lat' dir='ltr'><strong>i</strong></span> 
     </span>
    </p>
   </div>
  </div>
 </body>
</html>
