2776 4892
462 341 539 376 .-
594 299 667 376 125
714 341 768 394 ,-

198 481 312 552 Verba
331 501 396 550 nac
415 481 540 550 Bacchi
558 493 654 566 sunt,
672 503 757 570 quae
777 482 887 552 Bothii
907 496 959 552 est
980 491 1154 568 sententia,

115 569 319 648 canaonas,
341 589 416 644 curn
436 569 606 647 vertissent
623 581 742 636 contra
760 571 870 656 ipsum
890 571 974 638 duca
989 572 1154 660 Lycurgo,

114 677 174 722 noc
195 655 318 735 Sileni,
352 667 386 722 ut
407 667 501 740 putat
522 657 745 740 Bucntaerus,
777 677 899 742 arege
923 661 1066 740 educa,
1099 665 1155 746 qui

114 744 306 821 adstabant,
336 763 374 807 se
395 743 636 822 conuertentis,
664 744 724 808 sod
745 745 849 827 ipsius
871 745 1013 830 Lycurgi
1035 750 1078 814 ad
1101 769 1153 816 su·

114 829 233 894 tellites
255 849 356 908 suos,
379 829 444 916 qui,
471 841 596 895 terrore
619 829 741 894 Panico
763 833 796 895 in
819 831 1050 914 aggrediendis
1070 833 1154 900 Buc-

53 987 56 994 ,
114 915 184 984 ohis
204 916 367 1002 correpti,
389 917 497 983 denuo
516 918 551 982 iu
573 936 633 984 eas
653 917 776 982 irruere
797 917 921 983 nolunt.

603 1106 657 1172 24.

190 1240 321 1330 Nonius
335 1242 386 1322 ι)ε
420 1260 527 1326 uapor
549 1250 582 1307 et
610 1253 733 1326 cupos,
761 1249 794 1306 et
821 1244 918 1310 timor
937 1250 969 1306 ct
1000 1245 1092 1306 timos
1121 1252 1154 1308 et

109 1327 203 1392 tator
224 1336 258 1392 ci
290 1327 382 1392 labos
402 1329 451 1392 ito
472 1337 566 1412 sunt,
595 1337 631 1394 ut
662 1331 757 1395 color
786 1335 819 1392 et
849 1331 948 1392 colos.
1006 1329 1154 1394 Naeuius

109 1415 281 1502 Lycurpo:
440 1431 450 1444 ·

203 1533 277 1610 jam
299 1531 344 1590 toz·
363 1533 422 1590 ads
443 1529 583 1605 duplicdt
603 1531 796 1592 aduenientis
818 1532 928 1603 timos,
947 1551 1057 1606 pavos,
1080 1563 1084 1570 ·

108 1636 163 1701 ubi
192 1637 269 1702 libri
299 1645 375 1700 ante
401 1635 504 1700 llere.
523 1636 573 1721 2);
611 1635 671 1700 'om
699 1639 762 1700 cim
784 1638 827 1699 ‘in
855 1655 915 1698 nos
944 1634 1028 1724 conj.
1060 1636 1151 1702 Grot.

109 1723 370 1788 acclamantibus
400 1722 506 1786 Scriv.
536 1733 569 1784 et
599 1657 714 1801 l'oss3
752 1725 901 1806 implicat
929 1721 1012 1810 conj.
1044 1722 1152 1788 (lifan.

106 1813 202 1894 prob.
227 1809 395 1887 Carrion.;
426 1810 518 1870 iirnos
542 1807 654 1871 Panos
675 1829 790 1890 margo
813 1809 915 1872 Hadr.
939 1807 1031 1886 Jun.;
1062 1812 1154 1873 timos

107 1917 277 1983 vaposque
299 1895 373 1960 libri
404 1905 480 1957 aute
500 1893 621 1972 illerc.;
651 1895 744 1957 timos
769 1913 938 1977 panosque
968 1892 1052 1981 conj.
1078 1896 1153 1958 Gui-

104 1979 206 2047 lielm.
231 1983 323 2066 prob.
347 1980 514 2060 Carrion.;
545 1999 650 2062 vapos
678 1977 773 2044 Both.
795 1979 949 2058 Duentz.;
979 1981 1154 2046 advenimus

104 2071 193 2156 ipnis
215 2089 320 2152 oopos
340 2064 425 2153 conj.
450 2066 541 2130 Grot.
563 2066 656 2150 prob.
673 2065 817 2132 Scriver.
839 2073 872 2129 et
889 2065 988 2130 Voss.
1032 2067 1153 2134 Trans·

102 2157 200 2242 ponit
223 2157 327 2220 verba
347 2153 486 2217 Bothius
506 2154 572 2218 ita:

210 2268 277 2347 jam
299 2270 341 2328 ibi
364 2268 551 2328 advenientis
575 2267 713 2344 duplicat
734 2287 790 2327 nos
812 2269 913 2342 timos,
935 2285 1049 2346 vapos;

99 2375 171 2443 alio
194 2373 337 2458 loco³):
380 2381 384 2388 “
458 2459 461 2469 Ι

209 2492 278 2548 tum
298 2491 341 2548 ibi
363 2489 558 2550 advenientes
581 2489 749 2565 duplicabit
770 2507 826 2550 nos
848 2509 952 2566 paros.

101 2595 211 2682 Loqui
236 2595 424 2681 Lycurgum
445 2605 562 2680 putant
585 2595 675 2664 Grot.
700 2594 805 2660 Scriv.
828 2607 862 2660 et
883 2594 1003 2671 Voss,
1035 2615 1109 2661 curn
1131 2620 1154 2664 a

100 2683 216 2750 Furiis
239 2683 468 2746 incesseretur.
512 2680 638 2746 Contra
659 2679 772 2745 Silano
802 2701 862 2746 suo
889 2683 1000 2746 tribuit
1022 2703 1155 2749 versum

100 2769 247 2835 Duentz.
277 2789 352 2833 cum
372 2769 528 2854 Lycurgo
558 2765 757 2852 colloquenti
784 2770 1042 2854 exponentique,
1075 2791 1154 2856 quof
1239 2785 1248 2804 ·

100 2857 203 2922 modo
228 2855 395 2933 Bacchae,
419 2877 438 2918 a
459 2855 605 2940 Lycurgi
628 2853 822 2920 satellitibus
845 2855 1002 2937 fugatae,
1032 2856 1075 2920 ad
1099 2877 1153 2921 ca·

100 2955 171 3010 stra
195 2963 261 3008 sua
285 2940 510 3024 confugerint,
528 2973 530 2978 ·
546 2942 602 3004 ubi
623 2940 719 3004 simul
742 2941 838 3004 timor
860 2952 892 3003 et
914 2957 955 3004 va
982 2961 1020 3005 cr
1040 2961 1082 3004 ex
1105 2942 1154 3006 in-

100 3031 232 3094 ccndio
266 3039 359 3093 ortus
391 3047 450 3092 cas
491 3027 679 3098 turbaverit.
729 3026 765 3090 ln
799 2963 1004 3110 explicanlls
1041 3022 1166 3094 verbis·

99 3116 246 3201 praeivit
266 3114 452 3178 Hadrianus
473 3112 611 3190 Junius,
636 3112 691 3197 qui
712 3111 869 3177 Panicum
892 3123 1049 3178 terrorem
1072 3115 1152 3180 indi·

101 3205 171 3268 cari
193 3212 382 3268 censuerat.
419 3197 602 3264 ’Bacchicis
631 3200 718 3264 enirn
747 3200 850 3282 orgiis
872 3200 1029 3266 Panicum
1050 3212 1153 3268 terro·
1195 3253 1196 3256 ,

98 3309 170 3356 rem
203 3289 355 3357 comitari
383 3286 586 3352 notissimum
619 3296 670 3350 cst
684 3285 728 3369 4).
773 3286 867 3360 Quae
897 3307 970 3351 cum
1000 3287 1045 3354 ita
1077 3288 1152 3372 sint,

98 3379 205 3443 verba
236 3373 413 3440 satellitum
435 3384 528 3451 sunt,
558 3392 596 3436 se
618 3371 768 3438 Bacchas
796 3374 911 3436 iterum
933 3391 1152 3455 aggressuros

98 3481 176 3530 esse
201 3462 394 3544 negantium
422 3471 455 3523 ct
484 3459 527 3522 ad
555 3458 789 3541 praecedentia
809 3457 952 3545 Lycurgi
978 3461 1080 3522 verba
1101 3480 1152 3524 re·

99 3549 348 3632 spondentium,
371 3567 409 3610 se
427 3543 497 3633 jam
517 3556 635 3624 antea,
658 3550 743 3608 cum'
756 3543 789 3608 in
811 3541 965 3606 Bacchas
987 3545 1151 3626 irruerint,

98 3634 229 3702 Punico
253 3646 378 3698 terrore
401 3640 593 3715 correptos,
624 3630 701 3714 quin
723 3629 806 3712 fuga
831 3626 969 3694 salutem
990 3642 1151 3714 peterent,

97 3721 215 3788 facere
238 3739 307 3786 non
328 3719 486 3804 potuisse.
533 3715 582 3780 lbi
609 3717 706 3781 enim
726 3727 857 3799 tempus
890 3713 988 3780 ctiam
1016 3718 1151 3798 indicat,

99 3829 165 3896 quo
189 3803 319 3894 aliquid
340 3804 465 3872 iactum
487 3812 550 3881 est,
571 3812 607 3868 ut
627 3799 811 3888 particulae
834 3807 899 3866 turn
919 3798 990 3869 iere
1011 3803 1151 3890 aequale

98 3965 316 3984 Μ

168 4058 197 4125 ι)
217 4073 242 4112 s.
261 4070 287 4106 v.
305 4067 398 4125 vapor
416 4067 489 4123 pap.
507 4049 558 4104 aar
574 4047 617 4114 or.
635 4049 685 4104 aar
707 4046 741 4104 c.
796 4047 825 4116 a)
844 4047 883 4120 cr.
908 4023 945 4104 a
961 4049 1067 4106 aarum
1078 4068 1150 4124 par.

96 4145 263 4200 neniarum
287 4138 522 4211 frequentissima
546 4133 713 4204 confusione
738 4133 823 4190 Corte
844 4137 885 4190 ad
906 4135 1016 4195 Lucan.
1041 4133 1148 4192 Phara.

96 4227 141 4284 Vl.
170 4229 234 4284 dil.
280 4225 309 4293 3)
328 4223 347 4277 1.
366 4221 473 4294 Lpop.
492 4221 552 4278 370.
595 4219 764 4293 AJEtmrley
782 4221 823 4276 ud
840 4220 945 4295 Burip.
962 4219 1147 4279 naam-395.
