<?xml version="1.0" encoding="UTF-8"?>
<!DOCTYPE html PUBLIC "-//W3C//DTD XHTML 1.0 Transitional//EN"
    "http://www.w3.org/TR/xhtml1/DTD/xhtml1-transitional.dtd">
<html xmlns="http://www.w3.org/1999/xhtml" xml:lang="en" lang="en">
 <head>
  <title>
</title>
<meta http-equiv="Content-Type" content="text/html;charset=utf-8" />
  <meta name='ocr-system' content='tesseract 3.04.00' />
  <meta name='ocr-capabilities' content='ocr_page ocr_carea ocr_par ocr_line ocrx_word'/>
</head>
<body>
  <div class='ocr_page' id='page_1' title='image "./naeviivitamdesc00klusgoog/naeviivitamdesc00klusgoog_0225.png"; bbox 0 0 2784 4910; ppageno 0'>
   <div class='ocr_carea' id='block_1_1' title="bbox 590 217 906 356">
    <p class='ocr_par' dir='ltr' id='par_1_1' title="bbox 590 217 906 356">
     <span class='ocr_line' id='line_1_1' title="bbox 590 217 906 356; baseline 0.003 -4"><span class='ocrx_word' id='word_1_1' title='bbox 590 217 906 356; x_wconf 54' lang='grc' dir='ltr'><strong>*2)οᾸ</strong></span> 
     </span>
    </p>
   </div>
   <div class='ocr_carea' id='block_1_2' title="bbox 214 457 1268 1266">
    <p class='ocr_par' dir='ltr' id='par_1_2' title="bbox 214 457 1268 1266">
     <span class='ocr_line' id='line_1_2' title="bbox 214 457 1262 548; baseline -0.007 -14"><span class='ocrx_word' id='word_1_2' title='bbox 214 465 435 539; x_wconf 78' lang='lat' dir='ltr'><strong>udldbcrrdam</strong></span> <span class='ocrx_word' id='word_1_3' title='bbox 455 480 535 530; x_wconf 75' lang='lat' dir='ltr'><strong>esso</strong></span> <span class='ocrx_word' id='word_1_4' title='bbox 567 479 669 546; x_wconf 87' lang='lat' dir='ltr'><strong>supra</strong></span> <span class='ocrx_word' id='word_1_5' title='bbox 699 459 882 530; x_wconf 69' lang='lat' dir='ltr'><strong>decubans·</strong></span> <span class='ocrx_word' id='word_1_6' title='bbox 923 457 1072 543; x_wconf 76' lang='lat' dir='ltr'><strong>Longum</strong></span> <span class='ocrx_word' id='word_1_7' title='bbox 1094 473 1166 542; x_wconf 80' lang='lat' dir='ltr'><strong>est,</strong></span> <span class='ocrx_word' id='word_1_8' title='bbox 1195 461 1262 548; x_wconf 79' lang='lat' dir='ltr'><strong>pln-</strong></span> 
     </span>
     <span class='ocr_line' id='line_1_3' title="bbox 214 543 1265 632; baseline -0.001 -16"><span class='ocrx_word' id='word_1_9' title='bbox 214 557 310 622; x_wconf 74' lang='lat' dir='ltr'><strong>ribua</strong></span> <span class='ocrx_word' id='word_1_10' title='bbox 328 553 369 622; x_wconf 84' lang='lat' dir='ltr'><strong>de</strong></span> <span class='ocrx_word' id='word_1_11' title='bbox 385 550 454 618; x_wconf 66' lang='lat' dir='ltr'><strong>,hac</strong></span> <span class='ocrx_word' id='word_1_12' title='bbox 476 567 513 616; x_wconf 75' lang='lat' dir='ltr'><strong>re</strong></span> <span class='ocrx_word' id='word_1_13' title='bbox 535 543 725 631; x_wconf 80' lang='lat' dir='ltr'><strong>disputare,</strong></span> <span class='ocrx_word' id='word_1_14' title='bbox 757 567 843 632; x_wconf 76' lang='lat' dir='ltr'><strong>quae</strong></span> <span class='ocrx_word' id='word_1_15' title='bbox 876 567 898 616; x_wconf 88' lang='lat' dir='ltr'><strong>a</strong></span> <span class='ocrx_word' id='word_1_16' title='bbox 920 544 1011 614; x_wconf 82' lang='lat' dir='ltr'><strong>Viris</strong></span> <span class='ocrx_word' id='word_1_17' title='bbox 1034 547 1151 616; x_wconf 82' lang='lat' dir='ltr'><strong>Doctis</strong></span> <span class='ocrx_word' id='word_1_18' title='bbox 1183 552 1265 622; x_wconf 78' lang='lat' dir='ltr'><strong>satis</strong></span> 
     </span>
     <span class='ocr_line' id='line_1_4' title="bbox 217 631 1265 724; baseline -0.004 -18"><span class='ocrx_word' id='word_1_19' title='bbox 217 637 376 724; x_wconf 77' lang='lat' dir='ltr'><strong>expedita</strong></span> <span class='ocrx_word' id='word_1_20' title='bbox 393 645 445 704; x_wconf 81' lang='lat' dir='ltr'><strong>ast</strong></span> <span class='ocrx_word' id='word_1_21' title='bbox 461 635 503 719; x_wconf 77' lang='lat'><strong>¹).</strong></span> <span class='ocrx_word' id='word_1_22' title='bbox 549 633 658 719; x_wconf 85' lang='lat' dir='ltr'><strong>Atque</strong></span> <span class='ocrx_word' id='word_1_23' title='bbox 686 654 723 700; x_wconf 87' lang='lat' dir='ltr'><strong>re</strong></span> <span class='ocrx_word' id='word_1_24' title='bbox 745 653 836 700; x_wconf 73' lang='lat' dir='ltr'><strong>uara</strong></span> <span class='ocrx_word' id='word_1_25' title='bbox 855 631 1047 716; x_wconf 74' lang='lat' dir='ltr'><strong>Augusteoe</strong></span> <span class='ocrx_word' id='word_1_26' title='bbox 1077 637 1198 702; x_wconf 79' lang='lat' dir='ltr'><strong>aetatis</strong></span> <span class='ocrx_word' id='word_1_27' title='bbox 1219 640 1265 702; x_wconf 83' lang='lat' dir='ltr'><strong>ri·</strong></span> 
     </span>
     <span class='ocr_line' id='line_1_5' title="bbox 216 719 1266 806; baseline -0.007 -13"><span class='ocrx_word' id='word_1_28' title='bbox 216 747 275 794; x_wconf 87' lang='lat' dir='ltr'><strong>ros</strong></span> <span class='ocrx_word' id='word_1_29' title='bbox 305 724 419 792; x_wconf 82' lang='lat' dir='ltr'><strong>rudem</strong></span> <span class='ocrx_word' id='word_1_30' title='bbox 448 730 574 788; x_wconf 85' lang='lat' dir='ltr'><strong>tantum</strong></span> <span class='ocrx_word' id='word_1_31' title='bbox 610 719 815 804; x_wconf 82' lang='lat' dir='ltr'><strong>antiquorum</strong></span> <span class='ocrx_word' id='word_1_32' title='bbox 852 719 1026 786; x_wconf 84' lang='lat' dir='ltr'><strong>dictionem</strong></span> <span class='ocrx_word' id='word_1_33' title='bbox 1063 723 1266 806; x_wconf 71' lang='lat' dir='ltr'><strong>exagitasse,</strong></span> 
     </span>
     <span class='ocr_line' id='line_1_6' title="bbox 217 804 1268 898; baseline -0.007 -20"><span class='ocrx_word' id='word_1_34' title='bbox 217 821 338 898; x_wconf 83' lang='lat' dir='ltr'><strong>postea</strong></span> <span class='ocrx_word' id='word_1_35' title='bbox 354 807 659 890; x_wconf 70' lang='lat' dir='ltr'><strong>demonstrabimus.</strong></span> <span class='ocrx_word' id='word_1_36' title='bbox 700 805 825 892; x_wconf 84' lang='lat' dir='ltr'><strong>Neque,</strong></span> <span class='ocrx_word' id='word_1_37' title='bbox 847 806 877 870; x_wconf 84' lang='lat' dir='ltr'><strong>si</strong></span> <span class='ocrx_word' id='word_1_38' title='bbox 893 804 1081 888; x_wconf 74' lang='lat' dir='ltr'><strong>diligentius</strong></span> <span class='ocrx_word' id='word_1_39' title='bbox 1092 809 1223 874; x_wconf 75' lang='lat' dir='ltr'>Horatii</span> <span class='ocrx_word' id='word_1_40' title='bbox 1235 815 1268 890; x_wconf 84' lang='lat'><strong>²)</strong></span> 
     </span>
     <span class='ocr_line' id='line_1_7' title="bbox 217 891 1266 981; baseline -0.002 -17"><span class='ocrx_word' id='word_1_41' title='bbox 217 899 260 964; x_wconf 85' lang='lat' dir='ltr'><strong>de</strong></span> <span class='ocrx_word' id='word_1_42' title='bbox 280 894 408 962; x_wconf 83' lang='lat' dir='ltr'><strong>Naevio</strong></span> <span class='ocrx_word' id='word_1_43' title='bbox 425 892 584 981; x_wconf 85' lang='lat' dir='ltr'><strong>judicium</strong></span> <span class='ocrx_word' id='word_1_44' title='bbox 605 891 758 976; x_wconf 76' lang='lat' dir='ltr'><strong>inspicio,</strong></span> <span class='ocrx_word' id='word_1_45' title='bbox 780 892 964 978; x_wconf 83' lang='lat' dir='ltr'><strong>quidquam·</strong></span> <span class='ocrx_word' id='word_1_46' title='bbox 980 903 1052 970; x_wconf 84' lang='lat' dir='ltr'><strong>est,</strong></span> <span class='ocrx_word' id='word_1_47' title='bbox 1072 894 1161 979; x_wconf 87' lang='lat' dir='ltr'><strong>quod</strong></span> <span class='ocrx_word' id='word_1_48' title='bbox 1184 895 1266 962; x_wconf 84' lang='lat' dir='ltr'><strong>invi·</strong></span> 
     </span>
     <span class='ocr_line' id='line_1_8' title="bbox 217 979 569 1050; baseline -0.017 0"><span class='ocrx_word' id='word_1_49' title='bbox 217 984 343 1050; x_wconf 79' lang='lat' dir='ltr'><strong>diosiuu</strong></span> <span class='ocrx_word' id='word_1_50' title='bbox 364 982 489 1048; x_wconf 83' lang='lat' dir='ltr'><strong>dictum</strong></span> <span class='ocrx_word' id='word_1_51' title='bbox 506 979 569 1044; x_wconf 74' lang='lat' dir='ltr'><strong>sita</strong></span> 
     </span>
     <span class='ocr_line' id='line_1_9' title="bbox 300 1093 1166 1158; baseline -0.007 0"><span class='ocrx_word' id='word_1_52' title='bbox 300 1096 432 1158; x_wconf 73' lang='lat' dir='ltr'><strong>Naevius</strong></span> <span class='ocrx_word' id='word_1_53' title='bbox 454 1095 486 1152; x_wconf 82' lang='lat' dir='ltr'><strong>in</strong></span> <span class='ocrx_word' id='word_1_54' title='bbox 508 1093 648 1152; x_wconf 75' lang='lat' dir='ltr'><strong>munibat</strong></span> <span class='ocrx_word' id='word_1_55' title='bbox 670 1101 733 1151; x_wconf 84' lang='lat' dir='ltr'><strong>uon</strong></span> <span class='ocrx_word' id='word_1_56' title='bbox 758 1093 806 1150; x_wconf 80' lang='lat' dir='ltr'><strong>est</strong></span> <span class='ocrx_word' id='word_1_57' title='bbox 828 1096 859 1152; x_wconf 87' lang='lat' dir='ltr'><strong>et</strong></span> <span class='ocrx_word' id='word_1_58' title='bbox 881 1093 1034 1152; x_wconf 84' lang='lat' dir='ltr'><strong>mentibus</strong></span> <span class='ocrx_word' id='word_1_59' title='bbox 1056 1093 1166 1153; x_wconf 84' lang='lat' dir='ltr'><strong>haeret</strong></span> 
     </span>
     <span class='ocr_line' id='line_1_10' title="bbox 271 1179 1267 1266; baseline -0.003 -24"><span class='ocrx_word' id='word_1_60' title='bbox 271 1257 276 1266; x_wconf 83' lang='lat'><em>.</em></span> <span class='ocrx_word' id='word_1_61' title='bbox 299 1201 400 1260; x_wconf 83' lang='lat' dir='ltr'><strong>paene</strong></span> <span class='ocrx_word' id='word_1_62' title='bbox 422 1179 558 1240; x_wconf 73' lang='lat' dir='ltr'><strong>recens?</strong></span> <span class='ocrx_word' id='word_1_63' title='bbox 581 1179 667 1238; x_wconf 78' lang='lat' dir='ltr'><strong>&#39;rideo</strong></span> <span class='ocrx_word' id='word_1_64' title='bbox 690 1181 831 1237; x_wconf 84' lang='lat' dir='ltr'><strong>sanctum</strong></span> <span class='ocrx_word' id='word_1_65' title='bbox 854 1181 902 1237; x_wconf 85' lang='lat' dir='ltr'><strong>est</strong></span> <span class='ocrx_word' id='word_1_66' title='bbox 922 1183 1011 1238; x_wconf 83' lang='lat' dir='ltr'><strong>retus</strong></span> <span class='ocrx_word' id='word_1_67' title='bbox 1035 1197 1126 1239; x_wconf 85' lang='lat' dir='ltr'><strong>omne</strong></span> <span class='ocrx_word' id='word_1_68' title='bbox 1146 1181 1267 1257; x_wconf 68' lang='lat' dir='ltr'><strong>po‘e‘ma.</strong></span> 
     </span>
    </p>
   </div>
   <div class='ocr_carea' id='block_1_3' title="bbox 172 1279 1371 4335">
    <p class='ocr_par' dir='ltr' id='par_1_3' title="bbox 213 1279 1371 3172">
     <span class='ocr_line' id='line_1_11' title="bbox 215 1279 1268 1376; baseline -0.004 -22"><span class='ocrx_word' id='word_1_69' title='bbox 215 1283 293 1362; x_wconf 81' lang='lat' dir='ltr'><strong>inde</strong></span> <span class='ocrx_word' id='word_1_70' title='bbox 324 1285 530 1376; x_wconf 78' lang='lat' dir='ltr'><strong>colligimus,</strong></span> <span class='ocrx_word' id='word_1_71' title='bbox 559 1283 680 1348; x_wconf 86' lang='lat' dir='ltr'><strong>multos</strong></span> <span class='ocrx_word' id='word_1_72' title='bbox 710 1279 814 1348; x_wconf 80' lang='lat' dir='ltr'><strong>fuisse</strong></span> <span class='ocrx_word' id='word_1_73' title='bbox 831 1281 967 1348; x_wconf 77' lang='lat' dir='ltr'>&#39;Horatii</span> <span class='ocrx_word' id='word_1_74' title='bbox 997 1283 1155 1370; x_wconf 88' lang='lat' dir='ltr'><strong>aequales</strong></span> <span class='ocrx_word' id='word_1_75' title='bbox 1163 1333 1177 1364; x_wconf 96' lang='lat'><strong>,</strong></span> <span class='ocrx_word' id='word_1_76' title='bbox 1213 1287 1268 1372; x_wconf 91' lang='lat' dir='ltr'><strong>qui</strong></span> 
     </span>
     <span class='ocr_line' id='line_1_12' title="bbox 214 1371 1268 1456; baseline -0.005 -15"><span class='ocrx_word' id='word_1_77' title='bbox 214 1387 363 1441; x_wconf 88' lang='lat' dir='ltr'><strong>veterum</strong></span> <span class='ocrx_word' id='word_1_78' title='bbox 384 1372 606 1438; x_wconf 85' lang='lat' dir='ltr'><strong>Romanorum</strong></span> <span class='ocrx_word' id='word_1_79' title='bbox 629 1371 756 1433; x_wconf 91' lang='lat' dir='ltr'><strong>animos</strong></span> <span class='ocrx_word' id='word_1_80' title='bbox 786 1379 819 1433; x_wconf 93' lang='lat' dir='ltr'><strong>et</strong></span> <span class='ocrx_word' id='word_1_81' title='bbox 849 1371 981 1454; x_wconf 85' lang='lat' dir='ltr'><strong>ingenia</strong></span> <span class='ocrx_word' id='word_1_82' title='bbox 1003 1373 1212 1456; x_wconf 84' lang='lat' dir='ltr'><strong>suspicerent</strong></span> <span class='ocrx_word' id='word_1_83' title='bbox 1237 1385 1268 1436; x_wconf 87' lang='lat' dir='ltr'><strong>et</strong></span> 
     </span>
     <span class='ocr_line' id='line_1_13' title="bbox 215 1454 1369 1547; baseline -0.003 -22"><span class='ocrx_word' id='word_1_84' title='bbox 215 1475 398 1544; x_wconf 90' lang='lat' dir='ltr'><strong>temporum</strong></span> <span class='ocrx_word' id='word_1_85' title='bbox 434 1455 564 1522; x_wconf 89' lang='lat' dir='ltr'><strong>illorum</strong></span> <span class='ocrx_word' id='word_1_86' title='bbox 599 1455 742 1520; x_wconf 85' lang='lat' dir='ltr'><strong>indolem</strong></span> <span class='ocrx_word' id='word_1_87' title='bbox 780 1454 844 1520; x_wconf 84' lang='lat' dir='ltr'><strong>sibi</strong></span> <span class='ocrx_word' id='word_1_88' title='bbox 882 1468 1074 1522; x_wconf 79' lang='lat' dir='ltr'><strong>revocarent</strong></span> <span class='ocrx_word' id='word_1_89' title='bbox 1114 1456 1266 1541; x_wconf 89' lang='lat' dir='ltr'><strong>legendis</strong></span> <span class='ocrx_word' id='word_1_90' title='bbox 1365 1531 1369 1547; x_wconf 31' lang='grc' dir='ltr'>ι</span> 
     </span>
     <span class='ocr_line' id='line_1_14' title="bbox 215 1541 1264 1634; baseline -0.001 -24"><span class='ocrx_word' id='word_1_91' title='bbox 215 1544 334 1611; x_wconf 85' lang='lat' dir='ltr'><strong>Naevii</strong></span> <span class='ocrx_word' id='word_1_92' title='bbox 356 1544 497 1634; x_wconf 69' lang='lat' dir='ltr'><strong>scriptia</strong></span> <span class='ocrx_word' id='word_1_93' title='bbox 541 1541 629 1606; x_wconf 90' lang='lat' dir='ltr'><strong>Inest</strong></span> <span class='ocrx_word' id='word_1_94' title='bbox 660 1541 789 1626; x_wconf 89' lang='lat' dir='ltr'><strong>quidem</strong></span> <span class='ocrx_word' id='word_1_95' title='bbox 817 1541 850 1604; x_wconf 90' lang='lat' dir='ltr'><strong>in</strong></span> <span class='ocrx_word' id='word_1_96' title='bbox 880 1544 1032 1607; x_wconf 87' lang='lat' dir='ltr'><strong>versibus</strong></span> <span class='ocrx_word' id='word_1_97' title='bbox 1066 1541 1131 1609; x_wconf 87' lang='lat' dir='ltr'><strong>illis</strong></span> <span class='ocrx_word' id='word_1_98' title='bbox 1165 1542 1264 1609; x_wconf 83' lang='lat' dir='ltr'><strong>caril-</strong></span> 
     </span>
     <span class='ocr_line' id='line_1_15' title="bbox 215 1624 1266 1714; baseline 0.001 -18"><span class='ocrx_word' id='word_1_99' title='bbox 215 1625 291 1698; x_wconf 85' lang='lat' dir='ltr'><strong>lans</strong></span> <span class='ocrx_word' id='word_1_100' title='bbox 312 1629 436 1714; x_wconf 79' lang='lat' dir='ltr'><strong>Horatii</strong></span> <span class='ocrx_word' id='word_1_101' title='bbox 457 1628 580 1705; x_wconf 87' lang='lat' dir='ltr'><strong>ironia,</strong></span> <span class='ocrx_word' id='word_1_102' title='bbox 615 1648 680 1712; x_wconf 90' lang='lat' dir='ltr'><strong>qua</strong></span> <span class='ocrx_word' id='word_1_103' title='bbox 709 1624 894 1713; x_wconf 83' lang='lat' dir='ltr'><strong>aequalium</strong></span> <span class='ocrx_word' id='word_1_104' title='bbox 926 1629 958 1692; x_wconf 89' lang='lat' dir='ltr'><strong>in</strong></span> <span class='ocrx_word' id='word_1_105' title='bbox 981 1641 1095 1696; x_wconf 85' lang='lat' dir='ltr'><strong>vetera</strong></span> <span class='ocrx_word' id='word_1_106' title='bbox 1118 1632 1266 1697; x_wconf 86' lang='lat' dir='ltr'><strong>carmina</strong></span> 
     </span>
     <span class='ocr_line' id='line_1_16' title="bbox 217 1710 1269 1800; baseline 0.001 -19"><span class='ocrx_word' id='word_1_107' title='bbox 217 1715 360 1782; x_wconf 80' lang='lat' dir='ltr'><strong>studium</strong></span> <span class='ocrx_word' id='word_1_108' title='bbox 388 1710 617 1799; x_wconf 87' lang='lat' dir='ltr'><strong>reprehendit,</strong></span> <span class='ocrx_word' id='word_1_109' title='bbox 650 1733 734 1797; x_wconf 89' lang='lat' dir='ltr'><strong>quae</strong></span> <span class='ocrx_word' id='word_1_110' title='bbox 766 1734 848 1800; x_wconf 87' lang='lat' dir='ltr'><strong>prae</strong></span> <span class='ocrx_word' id='word_1_111' title='bbox 878 1733 960 1779; x_wconf 88' lang='lat' dir='ltr'><strong>suae</strong></span> <span class='ocrx_word' id='word_1_112' title='bbox 990 1717 1107 1780; x_wconf 86' lang='lat' dir='ltr'><strong>aetatis</strong></span> <span class='ocrx_word' id='word_1_113' title='bbox 1136 1716 1269 1782; x_wconf 85' lang='lat' dir='ltr'><strong>Graeca</strong></span> 
     </span>
     <span class='ocr_line' id='line_1_17' title="bbox 216 1799 1268 1888; baseline -0.003 -18"><span class='ocrx_word' id='word_1_114' title='bbox 216 1799 386 1888; x_wconf 85' lang='lat' dir='ltr'><strong>elegantia</strong></span> <span class='ocrx_word' id='word_1_115' title='bbox 405 1799 643 1865; x_wconf 87' lang='lat' dir='ltr'><strong>contemnenda</strong></span> <span class='ocrx_word' id='word_1_116' title='bbox 666 1819 741 1863; x_wconf 89' lang='lat' dir='ltr'><strong>esse</strong></span> <span class='ocrx_word' id='word_1_117' title='bbox 763 1810 865 1883; x_wconf 89' lang='lat' dir='ltr'><strong>putat.</strong></span> <span class='ocrx_word' id='word_1_118' title='bbox 910 1800 998 1864; x_wconf 82' lang='lat' dir='ltr'><strong>lden&#39;r</strong></span> <span class='ocrx_word' id='word_1_119' title='bbox 1033 1802 1118 1868; x_wconf 89' lang='lat' dir='ltr'><strong>enim</strong></span> <span class='ocrx_word' id='word_1_120' title='bbox 1141 1803 1182 1867; x_wconf 92' lang='lat' dir='ltr'><strong>de</strong></span> <span class='ocrx_word' id='word_1_121' title='bbox 1203 1803 1268 1868; x_wconf 89' lang='lat' dir='ltr'><strong>Lu·</strong></span> 
     </span>
     <span class='ocr_line' id='line_1_18' title="bbox 218 1883 1267 1975; baseline 0 -22"><span class='ocrx_word' id='word_1_122' title='bbox 218 1889 293 1959; x_wconf 88' lang='lat' dir='ltr'><strong>cilio</strong></span> <span class='ocrx_word' id='word_1_123' title='bbox 316 1887 388 1975; x_wconf 83' lang='lat' dir='ltr'><strong>ejus</strong></span> <span class='ocrx_word' id='word_1_124' title='bbox 405 1884 563 1974; x_wconf 88' lang='lat' dir='ltr'><strong>judicium</strong></span> <span class='ocrx_word' id='word_1_125' title='bbox 595 1895 667 1963; x_wconf 86' lang='lat' dir='ltr'><strong>est,</strong></span> <span class='ocrx_word' id='word_1_126' title='bbox 697 1886 783 1949; x_wconf 87' lang='lat' dir='ltr'><strong>idem</strong></span> <span class='ocrx_word' id='word_1_127' title='bbox 805 1885 876 1951; x_wconf 83' lang='lat' dir='ltr'><strong>fere</strong></span> <span class='ocrx_word' id='word_1_128' title='bbox 898 1883 1111 1968; x_wconf 88' lang='lat' dir='ltr'><strong>de&#39;Catullo,</strong></span> <span class='ocrx_word' id='word_1_129' title='bbox 1147 1883 1267 1968; x_wconf 87' lang='lat' dir='ltr'><strong>Calvo,</strong></span> 
     </span>
     <span class='ocr_line' id='line_1_19' title="bbox 216 1971 1267 2057; baseline -0.001 -18"><span class='ocrx_word' id='word_1_130' title='bbox 216 1973 376 2052; x_wconf 80' lang='lat' dir='ltr'><strong>Laberio,</strong></span> <span class='ocrx_word' id='word_1_131' title='bbox 399 1973 453 2056; x_wconf 91' lang='lat' dir='ltr'><strong>qui</strong></span> <span class='ocrx_word' id='word_1_132' title='bbox 472 1983 601 2050; x_wconf 86' lang='lat' dir='ltr'><strong>tamen,</strong></span> <span class='ocrx_word' id='word_1_133' title='bbox 623 1971 677 2034; x_wconf 83' lang='lat' dir='ltr'><strong>vix</strong></span> <span class='ocrx_word' id='word_1_134' title='bbox 700 1971 764 2034; x_wconf 90' lang='lat' dir='ltr'><strong>dici</strong></span> <span class='ocrx_word' id='word_1_135' title='bbox 787 1980 914 2054; x_wconf 84' lang='lat' dir='ltr'><strong>potest,</strong></span> <span class='ocrx_word' id='word_1_136' title='bbox 945 1983 1066 2057; x_wconf 86' lang='lat' dir='ltr'><strong>quanto</strong></span> <span class='ocrx_word' id='word_1_137' title='bbox 1090 1973 1156 2038; x_wconf 87' lang='lat' dir='ltr'><strong>sint</strong></span> <span class='ocrx_word' id='word_1_138' title='bbox 1176 1973 1267 2040; x_wconf 88' lang='lat' dir='ltr'><strong>Nae-</strong></span> 
     </span>
     <span class='ocr_line' id='line_1_20' title="bbox 215 2057 1268 2146; baseline 0.001 -23"><span class='ocrx_word' id='word_1_139' title='bbox 215 2061 273 2124; x_wconf 88' lang='lat' dir='ltr'><strong>vio</strong></span> <span class='ocrx_word' id='word_1_140' title='bbox 296 2057 516 2142; x_wconf 80' lang='lat' dir='ltr'><strong>elegantiores</strong></span> <span class='ocrx_word' id='word_1_141' title='bbox 531 2061 576 2137; x_wconf 64' lang='grc'><strong>3).</strong></span> <span class='ocrx_word' id='word_1_142' title='bbox 621 2057 772 2146; x_wconf 79' lang='lat' dir='ltr'><strong>Agrippa</strong></span> <span class='ocrx_word' id='word_1_143' title='bbox 793 2065 922 2136; x_wconf 82' lang='lat' dir='ltr'><strong>tamen,</strong></span> <span class='ocrx_word' id='word_1_144' title='bbox 945 2059 999 2142; x_wconf 91' lang='lat' dir='ltr'><strong>qui</strong></span> <span class='ocrx_word' id='word_1_145' title='bbox 1022 2059 1149 2146; x_wconf 87' lang='lat' dir='ltr'><strong>etipse</strong></span> <span class='ocrx_word' id='word_1_146' title='bbox 1172 2076 1268 2144; x_wconf 78' lang='lat' dir='ltr'><strong>grae</strong></span> 
     </span>
     <span class='ocr_line' id='line_1_21' title="bbox 216 2141 1266 2230; baseline -0.001 -20"><span class='ocrx_word' id='word_1_147' title='bbox 216 2145 374 2211; x_wconf 87' lang='lat' dir='ltr'><strong>cissantia</strong></span> <span class='ocrx_word' id='word_1_148' title='bbox 395 2153 565 2228; x_wconf 89' lang='lat' dir='ltr'><strong>poetarum</strong></span> <span class='ocrx_word' id='word_1_149' title='bbox 589 2141 772 2226; x_wconf 82' lang='lat' dir='ltr'><strong>aequalium</strong></span> <span class='ocrx_word' id='word_1_150' title='bbox 794 2143 939 2206; x_wconf 88' lang='lat' dir='ltr'><strong>carmina</strong></span> <span class='ocrx_word' id='word_1_151' title='bbox 958 2143 1047 2210; x_wconf 90' lang='lat' dir='ltr'><strong>haud</strong></span> <span class='ocrx_word' id='word_1_152' title='bbox 1064 2165 1266 2230; x_wconf 83' lang='lat' dir='ltr'><strong>magnopere</strong></span> 
     </span>
     <span class='ocr_line' id='line_1_22' title="bbox 214 2225 1371 2313; baseline -0.001 -17"><span class='ocrx_word' id='word_1_153' title='bbox 214 2227 423 2306; x_wconf 69' lang='lat' dir='ltr'><strong>adamabat,</strong></span> <span class='ocrx_word' id='word_1_154' title='bbox 440 2227 500 2292; x_wconf 87' lang='lat' dir='ltr'><strong>Vir</strong></span> <span class='ocrx_word' id='word_1_155' title='bbox 524 2225 570 2292; x_wconf 86' lang='lat' dir='ltr'><strong>&#39;lii</strong></span> <span class='ocrx_word' id='word_1_156' title='bbox 599 2227 707 2311; x_wconf 84' lang='lat' dir='ltr'><strong>ipsius</strong></span> <span class='ocrx_word' id='word_1_157' title='bbox 725 2229 942 2293; x_wconf 82' lang='lat' dir='ltr'><strong>&#39;obtrectator</strong></span> <span class='ocrx_word' id='word_1_158' title='bbox 972 2240 1056 2294; x_wconf 83' lang='lat' dir='ltr'><strong>teste</strong></span> <span class='ocrx_word' id='word_1_159' title='bbox 1087 2231 1217 2296; x_wconf 88' lang='lat' dir='ltr'><strong>Donato</strong></span> <span class='ocrx_word' id='word_1_160' title='bbox 1232 2236 1267 2313; x_wconf 79' lang='grc'><strong>4)</strong></span> <span class='ocrx_word' id='word_1_161' title='bbox 1370 2235 1371 2250; x_wconf 73' lang='grc'>’</span> 
     </span>
     <span class='ocr_line' id='line_1_23' title="bbox 215 2247 1266 2406; baseline 0.001 -26"><span class='ocrx_word' id='word_1_162' title='bbox 215 2326 288 2406; x_wconf 87' lang='lat' dir='ltr'><strong>erat</strong></span> <span class='ocrx_word' id='word_1_163' title='bbox 309 2321 342 2380; x_wconf 80' lang='lat' dir='ltr'><strong>et</strong></span> <span class='ocrx_word' id='word_1_164' title='bbox 363 2325 478 2380; x_wconf 89' lang='lat' dir='ltr'><strong>vetera</strong></span> <span class='ocrx_word' id='word_1_165' title='bbox 499 2247 556 2377; x_wconf 77' lang='lat' dir='ltr'><strong>dia</strong></span> <span class='ocrx_word' id='word_1_166' title='bbox 578 2314 724 2383; x_wconf 85' lang='lat' dir='ltr'><strong>carmina</strong></span> <span class='ocrx_word' id='word_1_167' title='bbox 744 2314 778 2376; x_wconf 83' lang='lat' dir='ltr'><strong>i&#39;n</strong></span> <span class='ocrx_word' id='word_1_168' title='bbox 800 2313 926 2378; x_wconf 85' lang='lat' dir='ltr'><strong>deliciis</strong></span> <span class='ocrx_word' id='word_1_169' title='bbox 948 2313 1109 2398; x_wconf 88' lang='lat' dir='ltr'><strong>habebat;</strong></span> <span class='ocrx_word' id='word_1_170' title='bbox 1141 2317 1266 2404; x_wconf 91' lang='lat' dir='ltr'><strong>quippe</strong></span> 
     </span>
     <span class='ocr_line' id='line_1_24' title="bbox 215 2395 1266 2482; baseline -0.001 -15"><span class='ocrx_word' id='word_1_171' title='bbox 215 2403 259 2467; x_wconf 85' lang='lat' dir='ltr'><strong>ab</strong></span> <span class='ocrx_word' id='word_1_172' title='bbox 287 2399 406 2465; x_wconf 87' lang='lat' dir='ltr'><strong>aetatis</strong></span> <span class='ocrx_word' id='word_1_173' title='bbox 435 2418 517 2462; x_wconf 88' lang='lat' dir='ltr'><strong>snae</strong></span> <span class='ocrx_word' id='word_1_174' title='bbox 556 2395 697 2480; x_wconf 83' lang='lat' dir='ltr'><strong>eleganti</strong></span> <span class='ocrx_word' id='word_1_175' title='bbox 715 2401 951 2465; x_wconf 85' lang='lat' dir='ltr'><strong>&#39;ostentatione</strong></span> <span class='ocrx_word' id='word_1_176' title='bbox 990 2401 1187 2467; x_wconf 84' lang='lat' dir='ltr'><strong>abhorrebat</strong></span> <span class='ocrx_word' id='word_1_177' title='bbox 1219 2413 1266 2482; x_wconf 86' lang='lat' dir='ltr'><strong>et,</strong></span> 
     </span>
     <span class='ocr_line' id='line_1_25' title="bbox 217 2479 1267 2573; baseline 0.002 -21"><span class='ocrx_word' id='word_1_178' title='bbox 217 2483 355 2552; x_wconf 85' lang='lat' dir='ltr'><strong>Catonis</strong></span> <span class='ocrx_word' id='word_1_179' title='bbox 375 2479 514 2570; x_wconf 86' lang='lat' dir='ltr'><strong>Majoris</strong></span> <span class='ocrx_word' id='word_1_180' title='bbox 535 2479 775 2566; x_wconf 75' lang='lat' dir='ltr'><strong>instar,&#39;rudis</strong></span> <span class='ocrx_word' id='word_1_181' title='bbox 796 2496 867 2550; x_wconf 86' lang='lat' dir='ltr'><strong>erat</strong></span> <span class='ocrx_word' id='word_1_182' title='bbox 889 2487 1073 2573; x_wconf 87' lang='lat' dir='ltr'><strong>gravisque.</strong></span> <span class='ocrx_word' id='word_1_183' title='bbox 1116 2487 1267 2554; x_wconf 83' lang='lat' dir='ltr'><strong>Famosa</strong></span> 
     </span>
     <span class='ocr_line' id='line_1_26' title="bbox 216 2567 1268 2654; baseline 0.004 -18"><span class='ocrx_word' id='word_1_184' title='bbox 216 2590 296 2636; x_wconf 88' lang='lat' dir='ltr'><strong>vero</strong></span> <span class='ocrx_word' id='word_1_185' title='bbox 330 2571 440 2636; x_wconf 85' lang='lat' dir='ltr'><strong>dicere</strong></span> <span class='ocrx_word' id='word_1_186' title='bbox 473 2567 550 2634; x_wconf 90' lang='lat' dir='ltr'><strong>licet</strong></span> <span class='ocrx_word' id='word_1_187' title='bbox 581 2567 791 2644; x_wconf 80' lang='lat' dir='ltr'><strong>Quinctilium</strong></span> <span class='ocrx_word' id='word_1_188' title='bbox 821 2573 921 2638; x_wconf 85' lang='lat' dir='ltr'><strong>verba</strong></span> <span class='ocrx_word' id='word_1_189' title='bbox 936 2575 989 2654; x_wconf 85' lang='lat'><strong>⁵):</strong></span> <span class='ocrx_word' id='word_1_190' title='bbox 1027 2575 1061 2638; x_wconf 80' lang='lat' dir='ltr'><strong>ia</strong></span> <span class='ocrx_word' id='word_1_191' title='bbox 1098 2573 1268 2640; x_wconf 80' lang='lat' dir='ltr'><strong>comoedia</strong></span> 
     </span>
     <span class='ocr_line' id='line_1_27' title="bbox 216 2651 1265 2746; baseline 0 -22"><span class='ocrx_word' id='word_1_192' title='bbox 216 2659 354 2724; x_wconf 68' lang='lat' dir='ltr'><strong>mamma</strong></span> <span class='ocrx_word' id='word_1_193' title='bbox 376 2654 609 2721; x_wconf 83' lang='lat' dir='ltr'><strong>claudicamus.</strong></span> <span class='ocrx_word' id='word_1_194' title='bbox 632 2669 635 2674; x_wconf 89' lang='grc'><strong><em>·</em></strong></span> <span class='ocrx_word' id='word_1_195' title='bbox 661 2651 725 2720; x_wconf 80' lang='lat' dir='ltr'><strong>Vir</strong></span> <span class='ocrx_word' id='word_1_196' title='bbox 749 2659 846 2721; x_wconf 82' lang='lat' dir='ltr'><strong>tecam</strong></span> <span class='ocrx_word' id='word_1_197' title='bbox 868 2661 1092 2746; x_wconf 81' lang='lat' dir='ltr'><strong>oorrsequimar</strong></span> <span class='ocrx_word' id='word_1_198' title='bbox 1106 2659 1265 2743; x_wconf 73' lang='lat' dir='ltr'><strong>cumbran,</strong></span> 
     </span>
     <span class='ocr_line' id='line_1_28' title="bbox 216 2741 1314 2832; baseline 0 -21"><span class='ocrx_word' id='word_1_199' title='bbox 216 2745 301 2810; x_wconf 87' lang='lat' dir='ltr'><strong>adeo</strong></span> <span class='ocrx_word' id='word_1_200' title='bbox 323 2750 361 2806; x_wconf 86' lang='lat' dir='ltr'><strong>ut</strong></span> <span class='ocrx_word' id='word_1_201' title='bbox 382 2741 460 2806; x_wconf 79' lang='lat' dir='ltr'><strong>mitt</strong></span> <span class='ocrx_word' id='word_1_202' title='bbox 480 2757 584 2806; x_wconf 84' lang='lat' dir='ltr'><strong>sermo</strong></span> <span class='ocrx_word' id='word_1_203' title='bbox 605 2743 678 2824; x_wconf 82' lang='lat' dir='ltr'><strong>ipse</strong></span> <span class='ocrx_word' id='word_1_204' title='bbox 703 2743 871 2808; x_wconf 79' lang='lat' dir='ltr'><strong>Romanus</strong></span> <span class='ocrx_word' id='word_1_205' title='bbox 891 2763 958 2808; x_wconf 82' lang='lat' dir='ltr'><strong>uon</strong></span> <span class='ocrx_word' id='word_1_206' title='bbox 981 2750 1130 2832; x_wconf 83' lang='lat' dir='ltr'><strong>recipere</strong></span> <span class='ocrx_word' id='word_1_207' title='bbox 1150 2747 1263 2811; x_wconf 82' lang='lat' dir='ltr'><strong>videa·</strong></span> <span class='ocrx_word' id='word_1_208' title='bbox 1309 2767 1314 2773; x_wconf 84' lang='grc'><strong><em>·</em></strong></span> 
     </span>
     <span class='ocr_line' id='line_1_29' title="bbox 215 2827 1264 2898; baseline 0 0"><span class='ocrx_word' id='word_1_209' title='bbox 215 2842 272 2898; x_wconf 82' lang='lat' dir='ltr'><strong>tur</strong></span> <span class='ocrx_word' id='word_1_210' title='bbox 293 2830 385 2894; x_wconf 79' lang='lat' dir='ltr'><strong>illam</strong></span> <span class='ocrx_word' id='word_1_211' title='bbox 407 2827 488 2892; x_wconf 82' lang='lat' dir='ltr'><strong>solis</strong></span> <span class='ocrx_word' id='word_1_212' title='bbox 517 2833 702 2892; x_wconf 77' lang='lat' dir='ltr'><strong>concessam</strong></span> <span class='ocrx_word' id='word_1_213' title='bbox 725 2831 846 2893; x_wconf 84' lang='lat' dir='ltr'><strong>Atticis</strong></span> <span class='ocrx_word' id='word_1_214' title='bbox 878 2849 1033 2894; x_wconf 79' lang='lat' dir='ltr'><strong>canerem.</strong></span> <span class='ocrx_word' id='word_1_215' title='bbox 1077 2831 1147 2897; x_wconf 86' lang='lat' dir='ltr'><strong>Sed</strong></span> <span class='ocrx_word' id='word_1_216' title='bbox 1177 2831 1264 2898; x_wconf 88' lang='lat' dir='ltr'><strong>haec</strong></span> 
     </span>
     <span class='ocr_line' id='line_1_30' title="bbox 214 2907 1264 3006; baseline 0.002 -23"><span class='ocrx_word' id='word_1_217' title='bbox 214 2935 345 3006; x_wconf 87' lang='lat' dir='ltr'><strong>qnoque</strong></span> <span class='ocrx_word' id='word_1_218' title='bbox 366 2907 550 2981; x_wconf 87' lang='lat' dir='ltr'><strong>obsoletam</strong></span> <span class='ocrx_word' id='word_1_219' title='bbox 572 2925 697 2977; x_wconf 89' lang='lat' dir='ltr'><strong>tantum</strong></span> <span class='ocrx_word' id='word_1_220' title='bbox 717 2927 863 2980; x_wconf 88' lang='lat' dir='ltr'><strong>veterum</strong></span> <span class='ocrx_word' id='word_1_221' title='bbox 894 2919 1063 3000; x_wconf 80' lang='lat' dir='ltr'><strong>poetarum</strong></span> <span class='ocrx_word' id='word_1_222' title='bbox 1087 2919 1264 2985; x_wconf 86' lang='lat' dir='ltr'><strong>dictionem</strong></span> 
     </span>
     <span class='ocr_line' id='line_1_31' title="bbox 213 2997 1263 3092; baseline 0 -24"><span class='ocrx_word' id='word_1_223' title='bbox 213 3003 407 3086; x_wconf 88' lang='lat' dir='ltr'><strong>respiciunt,</strong></span> <span class='ocrx_word' id='word_1_224' title='bbox 429 3009 465 3064; x_wconf 88' lang='lat' dir='ltr'><strong>ut</strong></span> <span class='ocrx_word' id='word_1_225' title='bbox 487 2997 566 3063; x_wconf 88' lang='lat' dir='ltr'><strong>Sole</strong></span> <span class='ocrx_word' id='word_1_226' title='bbox 588 2997 710 3064; x_wconf 88' lang='lat' dir='ltr'><strong>clarius</strong></span> <span class='ocrx_word' id='word_1_227' title='bbox 728 3001 991 3068; x_wconf 86' lang='lat' dir='ltr'><strong>demonstrarunt</strong></span> <span class='ocrx_word' id='word_1_228' title='bbox 1008 3003 1201 3090; x_wconf 83' lang='lat' dir='ltr'><strong>Lessiugius</strong></span> <span class='ocrx_word' id='word_1_229' title='bbox 1216 3005 1263 3092; x_wconf 82' lang='lat'><strong>⁶),</strong></span> 
     </span>
     <span class='ocr_line' id='line_1_32' title="bbox 214 3083 870 3172; baseline -0.008 -18"><span class='ocrx_word' id='word_1_230' title='bbox 214 3085 373 3172; x_wconf 79' lang='lat' dir='ltr'><strong>Regelius</strong></span> <span class='ocrx_word' id='word_1_231' title='bbox 387 3087 422 3168; x_wconf 78' lang='lat'><strong>⁷)</strong></span> <span class='ocrx_word' id='word_1_232' title='bbox 445 3093 478 3148; x_wconf 89' lang='lat' dir='ltr'><strong>et</strong></span> <span class='ocrx_word' id='word_1_233' title='bbox 499 3083 668 3149; x_wconf 87' lang='lat' dir='ltr'><strong>Beckerus</strong></span> <span class='ocrx_word' id='word_1_234' title='bbox 684 3085 728 3169; x_wconf 74' lang='grc'><strong>8).</strong></span> <span class='ocrx_word' id='word_1_235' title='bbox 867 3085 870 3095; x_wconf 88' lang='grc'><strong>’</strong></span> 
     </span>
    </p>

    <p class='ocr_par' dir='ltr' id='par_1_4' title="bbox 213 3170 1263 3529">
     <span class='ocr_line' id='line_1_33' title="bbox 299 3170 1262 3256; baseline 0.005 -21"><span class='ocrx_word' id='word_1_236' title='bbox 299 3171 401 3256; x_wconf 81' lang='lat' dir='ltr'><strong>igitur</strong></span> <span class='ocrx_word' id='word_1_237' title='bbox 438 3189 512 3235; x_wconf 90' lang='lat' dir='ltr'><strong>cum</strong></span> <span class='ocrx_word' id='word_1_238' title='bbox 547 3190 612 3234; x_wconf 90' lang='lat' dir='ltr'><strong>non</strong></span> <span class='ocrx_word' id='word_1_239' title='bbox 652 3191 726 3233; x_wconf 92' lang='lat' dir='ltr'><strong>cum</strong></span> <span class='ocrx_word' id='word_1_240' title='bbox 757 3170 896 3236; x_wconf 86' lang='lat' dir='ltr'><strong>Graecis</strong></span> <span class='ocrx_word' id='word_1_241' title='bbox 926 3185 958 3238; x_wconf 90' lang='lat' dir='ltr'><strong>et</strong></span> <span class='ocrx_word' id='word_1_242' title='bbox 989 3195 1111 3240; x_wconf 85' lang='lat' dir='ltr'><strong>aureae</strong></span> <span class='ocrx_word' id='word_1_243' title='bbox 1139 3173 1262 3252; x_wconf 83' lang='lat' dir='ltr'><strong>aetatis</strong></span> 
     </span>
     <span class='ocr_line' id='line_1_34' title="bbox 213 3255 1260 3350; baseline -0.001 -24"><span class='ocrx_word' id='word_1_244' title='bbox 213 3259 323 3350; x_wconf 76' lang='lat' dir='ltr'><strong>politis</strong></span> <span class='ocrx_word' id='word_1_245' title='bbox 347 3255 588 3339; x_wconf 88' lang='lat' dir='ltr'><strong>comparandus</strong></span> <span class='ocrx_word' id='word_1_246' title='bbox 610 3255 653 3320; x_wconf 84' lang='lat' dir='ltr'><strong>sit</strong></span> <span class='ocrx_word' id='word_1_247' title='bbox 674 3255 838 3336; x_wconf 79' lang='lat' dir='ltr'><strong>NaeviuS,</strong></span> <span class='ocrx_word' id='word_1_248' title='bbox 868 3260 926 3324; x_wconf 85' lang='lat' dir='ltr'><strong>sed</strong></span> <span class='ocrx_word' id='word_1_249' title='bbox 958 3281 1031 3326; x_wconf 91' lang='lat' dir='ltr'><strong>oum</strong></span> <span class='ocrx_word' id='word_1_250' title='bbox 1053 3263 1128 3344; x_wconf 91' lang='lat' dir='ltr'><strong>ipsa</strong></span> <span class='ocrx_word' id='word_1_251' title='bbox 1150 3271 1260 3325; x_wconf 89' lang='lat' dir='ltr'><strong>aetate</strong></span> 
     </span>
     <span class='ocr_line' id='line_1_35' title="bbox 214 3340 1262 3430; baseline -0.002 -18"><span class='ocrx_word' id='word_1_252' title='bbox 214 3368 297 3426; x_wconf 84' lang='lat' dir='ltr'><strong>sua,</strong></span> <span class='ocrx_word' id='word_1_253' title='bbox 327 3344 498 3430; x_wconf 72' lang='lat' dir='ltr'><strong>uideamus</strong></span> <span class='ocrx_word' id='word_1_254' title='bbox 512 3341 602 3427; x_wconf 79' lang='lat' dir='ltr'><strong>jam,</strong></span> <span class='ocrx_word' id='word_1_255' title='bbox 638 3340 714 3426; x_wconf 88' lang='lat' dir='ltr'><strong>quid</strong></span> <span class='ocrx_word' id='word_1_256' title='bbox 736 3345 944 3426; x_wconf 83' lang='lat' dir='ltr'><strong>praestiterit.</strong></span> <span class='ocrx_word' id='word_1_257' title='bbox 989 3345 1148 3420; x_wconf 81' lang='lat' dir='ltr'><strong>Quamvis</strong></span> <span class='ocrx_word' id='word_1_258' title='bbox 1169 3346 1262 3411; x_wconf 86' lang='lat' dir='ltr'><strong>rudis</strong></span> 
     </span>
     <span class='ocr_line' id='line_1_36' title="bbox 214 3425 1263 3529; baseline 0.002 -32"><span class='ocrx_word' id='word_1_259' title='bbox 214 3431 258 3522; x_wconf 72' lang='lat' dir='ltr'><strong>sit</strong></span> <span class='ocrx_word' id='word_1_260' title='bbox 277 3429 351 3522; x_wconf 83' lang='lat' dir='ltr'><strong>ejus</strong></span> <span class='ocrx_word' id='word_1_261' title='bbox 372 3427 527 3508; x_wconf 84' lang='lat' dir='ltr'><strong>elocutio,</strong></span> <span class='ocrx_word' id='word_1_262' title='bbox 548 3425 758 3494; x_wconf 88' lang='lat' dir='ltr'><strong>nihilominus</strong></span> <span class='ocrx_word' id='word_1_263' title='bbox 779 3440 900 3512; x_wconf 88' lang='lat' dir='ltr'><strong>tamen,</strong></span> <span class='ocrx_word' id='word_1_264' title='bbox 916 3431 955 3529; x_wconf 57' lang='lat' dir='ltr'><strong>⁸si</strong></span> <span class='ocrx_word' id='word_1_265' title='bbox 967 3429 1052 3498; x_wconf 71' lang='lat' dir='ltr'><strong>&#39;cum</strong></span> <span class='ocrx_word' id='word_1_266' title='bbox 1073 3431 1263 3518; x_wconf 87' lang='lat' dir='ltr'><strong>aequalium</strong></span> 
     </span>
    </p>

    <p class='ocr_par' dir='ltr' id='par_1_5' title="bbox 172 3563 1052 3622">
     <span class='ocr_line' id='line_1_37' title="bbox 172 3563 1052 3622; baseline 0.002 -10"><span class='ocrx_word' id='word_1_267' title='bbox 172 3563 191 3612; x_wconf 88' lang='grc' dir='ltr'><em>Ι</em></span> <span class='ocrx_word' id='word_1_268' title='bbox 212 3583 436 3622; x_wconf 53' lang='lat' dir='ltr'><strong>qum—w</strong></span> <span class='ocrx_word' id='word_1_269' title='bbox 629 3611 632 3618; x_wconf 94' lang='grc'>,</span> <span class='ocrx_word' id='word_1_270' title='bbox 1048 3607 1052 3614; x_wconf 82' lang='lat'><em>.</em></span> 
     </span>
    </p>

    <p class='ocr_par' dir='ltr' id='par_1_6' title="bbox 206 3669 1369 4335">
     <span class='ocr_line' id='line_1_38' title="bbox 282 3669 1261 3750; baseline -0.001 -17"><span class='ocrx_word' id='word_1_271' title='bbox 282 3677 312 3744; x_wconf 90' lang='lat'><strong>1)</strong></span> <span class='ocrx_word' id='word_1_272' title='bbox 329 3671 428 3730; x_wconf 78' lang='lat' dir='ltr'><strong>Osann</strong></span> <span class='ocrx_word' id='word_1_273' title='bbox 445 3673 463 3727; x_wconf 84' lang='lat' dir='ltr'><strong>l.</strong></span> <span class='ocrx_word' id='word_1_274' title='bbox 479 3671 499 3728; x_wconf 82' lang='lat' dir='ltr'><strong>l.</strong></span> <span class='ocrx_word' id='word_1_275' title='bbox 511 3689 583 3746; x_wconf 72' lang='lat' dir='ltr'><strong>pag·</strong></span> <span class='ocrx_word' id='word_1_276' title='bbox 598 3677 652 3741; x_wconf 71' lang='lat'><strong>423</strong></span> <span class='ocrx_word' id='word_1_277' title='bbox 676 3669 771 3730; x_wconf 66' lang='lat' dir='ltr'><strong>Metal</strong></span> <span class='ocrx_word' id='word_1_278' title='bbox 787 3675 825 3744; x_wconf 71' lang='lat' dir='ltr'><strong>de</strong></span> <span class='ocrx_word' id='word_1_279' title='bbox 842 3675 983 3750; x_wconf 70' lang='lat' dir='ltr'><strong>I’nmpon.</strong></span> <span class='ocrx_word' id='word_1_280' title='bbox 1001 3676 1174 3746; x_wconf 67' lang='lat' dir='ltr'><strong>Bononiam.</strong></span> <span class='ocrx_word' id='word_1_281' title='bbox 1186 3691 1261 3750; x_wconf 69' lang='lat' dir='ltr'><strong>pap.</strong></span> 
     </span>
     <span class='ocr_line' id='line_1_39' title="bbox 211 3755 1259 3832; baseline -0.002 -16"><span class='ocrx_word' id='word_1_282' title='bbox 211 3765 264 3828; x_wconf 78' lang='lat'><strong>873</strong></span> <span class='ocrx_word' id='word_1_283' title='bbox 281 3761 318 3816; x_wconf 75' lang='lat' dir='ltr'><strong>de</strong></span> <span class='ocrx_word' id='word_1_284' title='bbox 334 3757 419 3813; x_wconf 70' lang='lat' dir='ltr'><strong>aaut</strong></span> <span class='ocrx_word' id='word_1_285' title='bbox 433 3773 503 3832; x_wconf 72' lang='lat' dir='ltr'><strong>pap.</strong></span> <span class='ocrx_word' id='word_1_286' title='bbox 519 3763 558 3817; x_wconf 72' lang='lat'><strong>92</strong></span> <span class='ocrx_word' id='word_1_287' title='bbox 569 3765 598 3812; x_wconf 85' lang='lat' dir='ltr'><strong>et</strong></span> <span class='ocrx_word' id='word_1_288' title='bbox 617 3761 666 3816; x_wconf 73' lang='lat' dir='ltr'><strong>lt!</strong></span> <span class='ocrx_word' id='word_1_289' title='bbox 679 3759 757 3830; x_wconf 79' lang='lat' dir='ltr'><strong>rq&#39;q.‚·</strong></span> <span class='ocrx_word' id='word_1_290' title='bbox 785 3755 927 3814; x_wconf 78' lang='lat' dir='ltr'><strong>Wotchort</strong></span> <span class='ocrx_word' id='word_1_291' title='bbox 939 3767 1019 3832; x_wconf 78' lang='lat' dir='ltr'><strong>poet.</strong></span> <span class='ocrx_word' id='word_1_292' title='bbox 1035 3758 1102 3814; x_wconf 69' lang='lat' dir='ltr'><strong>lat.</strong></span> <span class='ocrx_word' id='word_1_293' title='bbox 1119 3759 1172 3813; x_wconf 77' lang='lat' dir='ltr'><strong>rol.</strong></span> <span class='ocrx_word' id='word_1_294' title='bbox 1187 3775 1259 3832; x_wconf 73' lang='lat' dir='ltr'><strong>pap.</strong></span> 
     </span>
     <span class='ocr_line' id='line_1_40' title="bbox 210 3841 1369 3916; baseline -0.004 -13"><span class='ocrx_word' id='word_1_295' title='bbox 210 3844 543 3914; x_wconf 52' lang='lat' dir='ltr'><strong>mmo-mette&amp;</strong></span> <span class='ocrx_word' id='word_1_296' title='bbox 570 3841 743 3899; x_wconf 72' lang='lat' dir='ltr'><strong>Becker&#39;de</strong></span> <span class='ocrx_word' id='word_1_297' title='bbox 767 3859 838 3902; x_wconf 71' lang='lat' dir='ltr'><strong>comt</strong></span> <span class='ocrx_word' id='word_1_298' title='bbox 867 3843 951 3898; x_wconf 69' lang='lat' dir='ltr'><strong>Reum</strong></span> <span class='ocrx_word' id='word_1_299' title='bbox 972 3841 1044 3914; x_wconf 52' lang='lat' dir='ltr'><strong>fal:</strong></span> <span class='ocrx_word' id='word_1_300' title='bbox 1061 3847 1258 3916; x_wconf 69' lang='lat' dir='ltr'><strong>papatsqq.</strong></span> <span class='ocrx_word' id='word_1_301' title='bbox 1368 3845 1369 3908; x_wconf 67' lang='grc'><strong>1</strong></span> 
     </span>
     <span class='ocr_line' id='line_1_41' title="bbox 209 3924 1369 4003; baseline -0.007 -14"><span class='ocrx_word' id='word_1_302' title='bbox 209 3934 239 4000; x_wconf 76' lang='lat'><strong>2)</strong></span> <span class='ocrx_word' id='word_1_303' title='bbox 258 3930 352 4003; x_wconf 77' lang='lat' dir='ltr'><strong>Epor.</strong></span> <span class='ocrx_word' id='word_1_304' title='bbox 369 3924 403 3980; x_wconf 86' lang='lat' dir='ltr'><strong>ll.</strong></span> <span class='ocrx_word' id='word_1_305' title='bbox 421 3933 446 3982; x_wconf 91' lang='lat'><strong>1.</strong></span> <span class='ocrx_word' id='word_1_306' title='bbox 463 3932 506 3984; x_wconf 69' lang='lat'><strong>53.</strong></span> <span class='ocrx_word' id='word_1_307' title='bbox 558 3932 587 3993; x_wconf 79' lang='grc'><strong>3)</strong></span> <span class='ocrx_word' id='word_1_308' title='bbox 609 3927 751 3982; x_wconf 66' lang='lat' dir='ltr'><strong>Warthan</strong></span> <span class='ocrx_word' id='word_1_309' title='bbox 768 3929 786 3983; x_wconf 85' lang='lat' dir='ltr'><strong>l.</strong></span> <span class='ocrx_word' id='word_1_310' title='bbox 803 3929 823 3983; x_wconf 85' lang='lat' dir='ltr'><strong>l.</strong></span> <span class='ocrx_word' id='word_1_311' title='bbox 837 3945 906 4001; x_wconf 70' lang='lat' dir='ltr'><strong>paq·</strong></span> <span class='ocrx_word' id='word_1_312' title='bbox 922 3933 974 3986; x_wconf 81' lang='lat'><strong>287</strong></span> <span class='ocrx_word' id='word_1_313' title='bbox 991 3935 1020 3984; x_wconf 82' lang='lat' dir='ltr'><strong>et</strong></span> <span class='ocrx_word' id='word_1_314' title='bbox 1033 3932 1094 3990; x_wconf 76' lang='lat'><strong>383.</strong></span> <span class='ocrx_word' id='word_1_315' title='bbox 1143 3933 1174 3995; x_wconf 76' lang='lat'><strong>4)</strong></span> <span class='ocrx_word' id='word_1_316' title='bbox 1198 3926 1260 3982; x_wconf 81' lang='lat' dir='ltr'><strong>Va·-</strong></span> <span class='ocrx_word' id='word_1_317' title='bbox 1368 3937 1369 3946; x_wconf 60' lang='lat'>¹</span> 
     </span>
     <span class='ocr_line' id='line_1_42' title="bbox 208 4009 1369 4089; baseline 0.001 -20"><span class='ocrx_word' id='word_1_318' title='bbox 208 4009 472 4089; x_wconf 69' lang='lat' dir='ltr'><strong>pu.vu.xvt.oa;</strong></span> <span class='ocrx_word' id='word_1_319' title='bbox 492 4010 939 4085; x_wconf 71' lang='lat' dir='ltr'><strong>SeruluradVdrp.Ecl.lll.5·</strong></span> <span class='ocrx_word' id='word_1_320' title='bbox 958 4013 1062 4072; x_wconf 83' lang='lat' dir='ltr'><strong>lv.11.</strong></span> <span class='ocrx_word' id='word_1_321' title='bbox 1113 4016 1143 4080; x_wconf 83' lang='lat'><strong>5)</strong></span> <span class='ocrx_word' id='word_1_322' title='bbox 1162 4013 1258 4070; x_wconf 77' lang='lat' dir='ltr'><strong>lmut.</strong></span> <span class='ocrx_word' id='word_1_323' title='bbox 1368 4071 1369 4076; x_wconf 64' lang='grc'>,</span> 
     </span>
     <span class='ocr_line' id='line_1_43' title="bbox 206 4089 1258 4168; baseline -0.001 -13"><span class='ocrx_word' id='word_1_324' title='bbox 206 4099 243 4156; x_wconf 83' lang='grc' dir='ltr'><strong>Χ.</strong></span> <span class='ocrx_word' id='word_1_325' title='bbox 261 4091 286 4154; x_wconf 74' lang='lat' dir='ltr'><strong>i.</strong></span> <span class='ocrx_word' id='word_1_326' title='bbox 299 4100 399 4168; x_wconf 72' lang='lat' dir='ltr'><strong>seqq·</strong></span> <span class='ocrx_word' id='word_1_327' title='bbox 451 4095 482 4166; x_wconf 82' lang='grc'><strong>6)</strong></span> <span class='ocrx_word' id='word_1_328' title='bbox 499 4089 554 4151; x_wconf 78' lang='lat' dir='ltr'><strong>con</strong></span> <span class='ocrx_word' id='word_1_329' title='bbox 569 4098 638 4152; x_wconf 78' lang='lat' dir='ltr'><strong>dem</strong></span> <span class='ocrx_word' id='word_1_330' title='bbox 649 4095 745 4150; x_wconf 65' lang='lat' dir='ltr'><strong>Ladon</strong></span> <span class='ocrx_word' id='word_1_331' title='bbox 759 4098 825 4160; x_wconf 75' lang='lat' dir='ltr'><strong>trud·</strong></span> <span class='ocrx_word' id='word_1_332' title='bbox 834 4098 892 4156; x_wconf 78' lang='lat' dir='ltr'><strong>deu</strong></span> <span class='ocrx_word' id='word_1_333' title='bbox 905 4095 1025 4159; x_wconf 59' lang='lat' dir='ltr'><strong>When</strong></span> <span class='ocrx_word' id='word_1_334' title='bbox 1038 4098 1090 4152; x_wconf 79' lang='lat' dir='ltr'><strong>der</strong></span> <span class='ocrx_word' id='word_1_335' title='bbox 1100 4093 1258 4155; x_wconf 63' lang='lat' dir='ltr'><strong>maedus</strong></span> 
     </span>
     <span class='ocr_line' id='line_1_44' title="bbox 208 4179 1369 4258; baseline -0.001 -18"><span class='ocrx_word' id='word_1_336' title='bbox 208 4184 342 4240; x_wconf 74' lang='lat' dir='ltr'><strong>I’larttur.</strong></span> <span class='ocrx_word' id='word_1_337' title='bbox 362 4179 533 4236; x_wconf 70' lang='lat' dir='ltr'><strong>mmxxtt.</strong></span> <span class='ocrx_word' id='word_1_338' title='bbox 586 4184 616 4250; x_wconf 80' lang='lat'><strong>7)</strong></span> <span class='ocrx_word' id='word_1_339' title='bbox 633 4179 671 4235; x_wconf 83' lang='lat' dir='ltr'><strong>da</strong></span> <span class='ocrx_word' id='word_1_340' title='bbox 685 4191 721 4234; x_wconf 73' lang='lat' dir='ltr'><strong>&#39;re</strong></span> <span class='ocrx_word' id='word_1_341' title='bbox 736 4181 911 4255; x_wconf 68' lang='lat' dir='ltr'><strong>trop-Rom·</strong></span> <span class='ocrx_word' id='word_1_342' title='bbox 919 4197 992 4258; x_wconf 70' lang='lat' dir='ltr'><strong>pap.</strong></span> <span class='ocrx_word' id='word_1_343' title='bbox 1007 4189 1112 4256; x_wconf 72' lang='lat' dir='ltr'><strong>tusqp.</strong></span> <span class='ocrx_word' id='word_1_344' title='bbox 1155 4185 1186 4252; x_wconf 80' lang='grc'><strong>8)</strong></span> <span class='ocrx_word' id='word_1_345' title='bbox 1201 4185 1222 4239; x_wconf 88' lang='lat' dir='ltr'><strong>l.</strong></span> <span class='ocrx_word' id='word_1_346' title='bbox 1234 4185 1256 4239; x_wconf 83' lang='lat'><strong>1.</strong></span> <span class='ocrx_word' id='word_1_347' title='bbox 1368 4179 1369 4192; x_wconf 58' lang='lat'>¹</span> 
     </span>
     <span class='ocr_line' id='line_1_45' title="bbox 207 4271 1152 4335; baseline 0 -41"><span class='ocrx_word' id='word_1_348' title='bbox 207 4287 273 4335; x_wconf 50' lang='lat' dir='ltr'><strong>..W</strong></span> <span class='ocrx_word' id='word_1_349' title='bbox 292 4271 336 4325; x_wconf 56' lang='lat'><strong>6¹·</strong></span> <span class='ocrx_word' id='word_1_350' title='bbox 821 4303 844 4318; x_wconf 76' lang='lat'><strong>„</strong></span> <span class='ocrx_word' id='word_1_351' title='bbox 864 4291 880 4313; x_wconf 47' lang='grc' dir='ltr'><strong>Ι,</strong></span> <span class='ocrx_word' id='word_1_352' title='bbox 1013 4283 1038 4308; x_wconf 23' lang='grc' dir='ltr'><strong>,Δ</strong></span> <span class='ocrx_word' id='word_1_353' title='bbox 1149 4306 1152 4314; x_wconf 44' lang='grc' dir='ltr'>Ι</span> 
     </span>
    </p>
   </div>
   <div class='ocr_carea' id='block_1_4' title="bbox 0 0 1396 4910">
    <p class='ocr_par' dir='ltr' id='par_1_7' title="bbox 0 0 1396 4910">
     <span class='ocr_line' id='line_1_46' title="bbox 0 0 1396 4910; baseline 0 0"><span class='ocrx_word' id='word_1_354' title='bbox 0 0 1396 4910; x_wconf 95' lang='lat' dir='ltr'><strong> </strong></span> 
     </span>
    </p>
   </div>
  </div>
 </body>
</html>
