2802 4908
624 313 902 390 *ibo-.-

327 490 467 560 Mettum
484 488 663 583 iambicum
685 503 756 573 est,
777 494 962 580 quodcum
984 515 1049 564 oon
1071 499 1222 566 riderent
1243 501 1292 566 in·

242 592 423 666 terpretes,
444 581 580 648 summis
608 578 768 648 machinis
790 581 944 648 adhibitis
965 595 1022 648 aut
1045 585 1294 654 contrahendas

241 688 344 733 voces
372 687 449 732 esse
478 670 704 746 statuemnt1)
712 709 725 748 ,
754 679 811 732 aut
841 670 1040 756 conjecturis
1061 671 1290 750 indulserunt;

180 753 184 760 '
239 755 361 840 quippe
382 754 423 818 de
443 751 609 819 trochaico
630 771 730 818 versu
751 753 950 838 cogitabant.

325 863 480 928 Veterem
501 863 684 929 Atticorum
714 863 917 929 comoediam
939 863 1025 930 baec
1045 885 1164 951 sapere
1188 887 1290 933 nemo

241 951 383 1032 negabit.
426 949 462 1013 ln
489 947 612 1015 sabulis
639 948 893 1034 Aristophancis
923 950 1061 1016 similem
1093 954 1292 1020 sententiam

239 1034 363 1120 legisse
383 1055 436 1100 me
457 1037 606 1114 memini,
636 1037 700 1100 etsi
729 1033 839 1100 locum
867 1037 1013 1121 repetire
1041 1037 1182 1123 nequivi.
1228 1040 1291 1106 Est

238 1133 348 1189 autem
362 1119 458 1186 locus
472 1121 560 1186 baud
579 1141 719 1205 prorsus
736 1116 896 1186 absimilis
914 1117 947 1190 in
969 1126 1085 1189 comici
1100 1128 1231 1190 Avibus
1243 1127 1288 1210 ²).

324 1231 511 1298 omiserunt
532 1241 566 1296 et
585 1228 652 1297 boc
671 1229 890 1312 fragmentum
905 1232 1060 1318 editores,
1074 1245 1108 1301 et
1121 1235 1167 1315 id,
1183 1237 1286 1324 quod,

237 1339 260 1386 a
280 1317 380 1386 Festo
403 1329 590 1398 serratum,
616 1316 780 1406 subjunxi

738 1469 771 1534 2.

321 1579 507 1666 Festus⁸)t
537 1577 690 1667 qtdacom
715 1599 783 1664 pro
814 1597 919 1668 poure
945 1585 984 1659 ct,
1007 1601 1069 1648 cur
1088 1583 1231 1667 potitum
1250 1591 1288 1649 et

181 1695 185 1701 ·
237 1668 331 1756 opud
358 1669 530 1754 antiquus,
552 1675 589 1732 ut
612 1667 774 1734 Naeuium
793 1668 829 1733 r'rt
851 1671 996 1736 carmine
1019 1666 1139 1736 Punici
1160 1669 1284 1753 belliq

306 1763 337 1821 et
357 1755 392 1820 itt
412 1752 541 1818 satiro:

361 1869 508 1950 ortianum
530 1866 712 1928 scamium
731 1870 881 1946 populum
899 1869 1095 1947 pepullrtm

235 1984 267 2042 et
293 1976 329 2041 io
358 1981 491 2059 ratmot
522 1973 676 2059 patiacum
702 1994 807 2061 perros
835 1977 908 2055 isti,
937 1984 969 2040 et
990 1977 1025 2040 io
1045 1964 1163 2062 sotp'ro
1184 1974 1284 2054 coda

235 2072 267 2130 et
294 2065 330 2128 itt
350 2053 548 2146 sarpa-isti
576 2058 715 2126 delenda
744 2073 835 2127 recte
862 2062 976 2127 statuit
1003 2061 1202 2140 Muellerus,
1231 2074 1285 2128 ut·

232 2162 311 2238 pote
331 2167 350 2212 e
371 2146 458 2212 male
478 2146 625 2231 repetitis
646 2147 757 2213 verbis
775 2147 1049 2235 praecedentibus
1069 2161 1143 2215 orta
1161 2164 1194 2214 et
1208 2150 1286 2237 jam

232 2239 276 2305 ab
298 2235 420 2301 Ursino
441 2233 537 2298 uocis
557 2231 696 2299 inclusa.

318 2346 472 2420 Queritur
493 2345 542 2420 is,
571 2346 666 2431 cujus
688 2344 792 2409 verba
813 2351 900 2424 sunt,
923 2343 965 2410 dc
986 2355 1153 2430 conupta
1169 2354 1284 2412 aetate

137 2519 139 2526 Ι
231 2453 305 2516 sua,
326 2453 386 2497 cur
406 2430 538 2496 Saturni
559 2441 700 2496 acutam
722 2429 813 2496 Deus
834 2431 1037 2512 exstinxerit,
1057 2450 1190 2520 rogans.

689 2597 816 2687 Lupus.

317 2715 457 2786 Temere
485 2715 656 2803 Scaliger,
687 2721 741 2786 cui
768 2719 943 2786 Daciarius
964 2727 998 2786 et
1019 2719 1157 2788 Botbius
1177 2720 1280 2786 adsti-

230 2807 403 2897 palantur,
434 2800 563 2872 Ludunt
592 2804 677 2872 hanc
705 2805 850 2873 fabulam
878 2828 901 2873 a
929 2807 1056 2874 Naevio
1084 2808 1280 2892 inscriptam

228 2897 333 2964 fuisse
360 2893 483 2960 statuit.
526 2889 627 2958 Nulla
656 2893 762 2974 enim,
791 2913 850 2958 cur
870 2913 891 2959 a
912 2889 1055 2959 librariis
1084 2903 1278 2979 corruptum

227 2981 360 3050 fabulae
388 2997 508 3044 nomeu
536 2977 724 3060 arbitreris,
756 2999 860 3045 causa
888 2991 949 3045 est.
1000 2975 1123 3047 Nescio
1153 2991 1277 3060 tamen,

228 3089 271 3135 an
289 3067 403 3152 Lupus
424 3063 493 3129 alia
513 3063 557 3129 sit
577 3063 728 3149 Romuli,
759 3064 892 3131 fabulae
913 3077 1064 3152 togatae,
1092 3067 1277 3152 inscriptio,
1299 3089 1303 3096 ·

228 3173 294 3240 qua
321 3153 354 3216 in
385 3149 498 3216 sabula
528 3149 657 3215 Romae
688 3151 874 3217 conditores
902 3173 922 3217 a
950 3151 1028 3236 lupo
1058 3154 1195 3218 nutritos
1224 3151 1275 3218 fe·
1399 3205 1400 3214 ,

227 3241 315 3306 cisse
336 3235 498 3301 Naevium
519 3239 704 3316 constat⁵)
748 3235 899 3322 Accedit,
920 3237 1008 3326 quod
1030 3239 1153 3304 Albani
1173 3234 1276 3324 mulii,

225 3326 300 3406 vel,
328 3322 358 3388 si
390 3319 554 3406 scaligeri
582 3322 841 3388 emendationem
872 3325 966 3410 sequi
994 3326 1117 3404 maris,
1150 3323 1276 3390 Albani
1399 3305 1400 3335 ³

226 3411 350 3485 Amulii
378 3409 410 3473 in
440 3406 533 3491 Lupo
562 3409 685 3475 mentio
713 3406 759 3474 fit.
808 3408 875 3476 Sed
904 3411 1049 3478 comicus
1079 3413 1208 3496 quidam
1238 3414 1275 3477 in

222 3499 375 3568 versibus
397 3515 419 3559 a
439 3493 540 3560 Festo
563 3494 704 3560 servatis
727 3493 820 3562 color
841 3496 947 3574 inest,
976 3497 1031 3562 vel
1054 3500 1164 3584 potius
1185 3497 1273 3564 adeo

224 3582 369 3672 corrupti
389 3591 484 3665 suot,
504 3589 557 3663 ut,
579 3579 658 3669 quid
678 3599 793 3648 verum
813 3582 875 3664 sit,
904 3583 961 3648 vix
981 3583 1118 3670 reperiri
1149 3587 1272 3671 possib

737 3733 766 3801 l.

223 3939 232 3956 ς
276 3843 493 4019 ιἙὲειιιεψ
523 3839 728 3928 redhostire,
751 3843 897 3934 prolium
924 3845 1065 3936 referre.
1120 3801 1275 3916 Naeuius

218 3955 254 4002 m
307 3951 392 3998 oce

220 4063 429 4082 Μ

292 4153 320 4220 1)
335 4167 407 4206 nam
431 4161 497 4202 tum
515 4144 682 4206 Hermanno
701 4141 830 4205 oretum
849 4153 939 4206 noct
956 4152 1183 4224 monosyllabum
1206 4171 1276 4212 aare

219 4235 290 4292 uult.
331 4236 478 4304 2)o.1694
494 4231 585 4289 Diod.
626 4237 657 4302 8)
674 4231 695 4286 ἱ.
711 4227 731 4288 l.
772 4236 802 4304 l)
822 4233 862 4306 cf.
878 4253 948 4312 pop·
963 4242 1006 4298 78.
1048 4239 1139 4313 6)cf.
1155 4239 1274 4318 fraqm.
1398 4235 1399 4253 ¹

215 4317 335 4376 Romul·
353 4326 377 4373 1.
428 4320 457 4388 6)
469 4336 543 4396 pap.
563 4325 616 4384 270
629 4317 734 4376 Mareu.
