2828 4892
675 279 925 356 ..14-

285 463 349 528 nn
371 463 502 540 docuit,
523 461 673 530 calculus
693 473 782 528 totus
803 479 845 528 cx
866 481 907 526 eo
928 461 1067 546 moder,
1098 481 1196 550 quem
1216 463 1252 530 ln
1272 485 1320 532 au

285 562 363 614 uum
383 549 463 614 illud
485 549 618 616 Carvilii
641 549 686 614 ab
710 567 815 612 uxore
839 547 1011 612 ffirortium
1039 549 1172 614 incidat
1215 551 1251 615 ln
1273 571 1320 616 an

284 651 361 700 mnu
391 635 555 702 DXXVll.
583 634 652 698 hoc
677 635 823 698 incidere
850 653 917 697 non
944 653 1065 717 posse,
1093 633 1333 720 Schuettios1)

285 729 407 798 monet,
428 721 518 806 quad
537 721 669 785 disertis
689 721 801 783 uerbis
821 739 843 783 a
861 719 1062 784 censoribus
1076 721 1134 804 Sp.
1149 721 1333 787 Caruilium

279 803 395 892 jurare
417 819 568 870 coactum
589 825 667 869 esse
686 805 813 869 Gellius
833 808 1009 870 memoriae
1029 807 1218 889 prodiderit,
1239 829 1332 871 anno

283 904 392 955 antem
415 892 578 956 nxxvn.
609 911 767 954 censores
794 891 922 955 Rornae
950 913 1016 954 non
1045 891 1148 956 fuisse
1176 911 1195 956 e
1218 893 1332 958 Pastis

284 975 478 1060 Capitolinis
499 977 708 1060 intelligatur.
753 977 820 1041 Sed
846 995 911 1039 non
941 977 1113 1060 diligenter
1141 979 1331 1060 inspexisse

281 1064 412 1126 videtur
432 1064 499 1126 hoc
519 1065 642 1127 Pastas
663 1060 870 1139 Schuettins‚
892 1083 966 1125 curn
987 1065 1020 1126 in
1042 1083 1102 1141 ea,
1132 1083 1228 1148 quam
1249 1077 1331 1129 ante

280 1147 400 1211 ocutos
420 1149 548 1224 babeo,
571 1149 731 1225 editione,
754 1167 775 1212 a
795 1149 963 1212 Laurento
990 1161 1108 1232 parata
1123 1154 1172 1230 ²),
1193 1151 1272 1212 anni
1296 1158 1330 1215 et

281 1233 429 1298 nxxnt.
450 1247 484 1297 et
503 1235 683 1298 llXXVlll.
712 1233 878 1298 Censores
897 1235 980 1316 ipsis
1001 1235 1185 1297 nominibus
1206 1235 1330 1300 additis

280 1332 525 1383 recenseantur.
570 1321 634 1384 lam
657 1341 738 1384 rero
767 1319 945 1404 Dionysius
971 1319 1280 1384 Halicarnassensis
1293 1323 1327 1406 3)

281 1405 323 1466 d‘e
344 1405 460 1468 codem
483 1407 621 1470 divortio
643 1405 728 1469 haec
749 1407 925 1468 memoriae
947 1405 1106 1487 prodidit:
1135 1406 1231 1470 κατὰ
1259 1407 1328 1483 τὴν

279 1489 438 1572 ἑβδόμην
461 1490 518 1555 ἐπὶ
539 1501 616 1556 ταῖς
637 1494 829 1573 τριάκοντα
850 1493 913 1556 καὶ
937 1491 1065 1556 ἕκατον
1083 1487 1325 1568 Ὀλυμπιάσιν,

280 1575 533 1642 ὑπατευόντων
562 1579 723 1659 Μάρκου
754 1577 974 1657 Πομπωνίου
1005 1578 1068 1642 uni
1099 1580 1217 1644 Γαΐου
1248 1581 1326 1642 Her·

280 1664 430 1746 avplou,
461 1667 600 1743 πρῶτος
629 1667 808 1728 ἀπολῦσαι
836 1663 975 1742 λέγεται
1006 1665 1072 1742 τὴν
1100 1661 1231 1728 ἑαυτοῦ
1261 1689 1325 1750 γυ·

278 1755 391 1812 actua
420 1751 602 1830 Σπούριος
632 1752 878 1829 Καρουΐλλιος.
922 1747 1023 1834 Atqui
1053 1747 1216 1813 Consules
1244 1751 1326 1816 anni

278 1831 429 1898 DXXlll.
462 1855 504 1898 ex
536 1855 615 1899 uera
646 1835 806 1899 Varronis
839 1833 972 1914 (fastos
1001 1835 1085 1898 euim
1118 1833 1326 1920 Capitolinos

280 1939 358 1984 acra
379 1919 563 1985 Catoniana
593 1922 639 1985 uti
671 1921 817 2004 constat)
848 1921 880 1983 in
903 1918 1000 1984 fastis
1022 1930 1053 1983 et
1075 1917 1268 2004 Capitolinis
1292 1933 1326 1986 et

279 2003 402 2070 Siculis
431 2016 465 2069 ct
486 2004 716 2071 consularibus
739 2017 772 2070 et
793 2007 880 2086 apud
903 2005 1138 2070 Cassiodorum
1160 2006 1205 2070 M.
1229 2007 1325 2071 Pom·

277 2092 397 2175 ponius
418 2092 546 2168 Matho,
562 2091 598 2158 C.
643 2093 798 2176 Papirius
814 2091 912 2156 lllaso
934 2089 1117 2168 laudantur,
1138 2091 1224 2155 unde
1246 2091 1324 2158 Dio·

261 2179 418 2264 uysium,
433 2199 528 2262 quem
545 2177 674 2262 Olymp.
692 2179 759 2244 vlt.
776 2179 805 2240 1.
827 2179 939 2241 urbem
955 2177 1117 2240 conditam
1132 2189 1277 2242 statuere
1290 2185 1324 2260 ⁴)

276 2262 438 2326 nerninem
459 2263 562 2346 fugit,
587 2263 717 2349 (llymp.
740 2261 935 2327 cxxxvii.
960 2263 976 2325 l
999 2261 1201 2328 intellexisse
1224 2275 1325 2347 potet.

277 2345 370 2418 Quae
400 2368 473 2411 cum
503 2349 550 2411 ita
579 2349 666 2426 sint,
694 2350 831 2433 primam
862 2369 881 2411 a
910 2347 1035 2411 Naciio
1063 2348 1206 2413 fabulam
1233 2371 1324 2422 atino
1396 2367 1397 2401 1

276 2427 425 2496 tamt.
457 2433 563 2497 datam
593 2454 669 2497 esse
698 2445 817 2497 statuo.
871 2431 1074 2498 Dissentiunt
1103 2435 1230 2520 quidem
1251 2431 1323 2498 Va·

275 2514 377 2582 leuius
411 2517 638 2603 Maximns⁵):
676 2520 847 2603 repudium
876 2521 963 2582 inter
992 2540 1125 2583 urorem
1155 2527 1187 2584 cl
1217 2519 1324 2585 cirum

276 2623 299 2667 a
322 2603 457 2668 condita
481 2605 561 2670 urbe
589 2626 689 2690 nsqare
713 2607 759 2670 orl
783 2606 964 2670 uicesimum
986 2614 1018 2668 et
1039 2607 1323 2690 quingentesimum

274 2707 396 2756 anunm
425 2693 548 2754 nullum
579 2694 764 2755 intercessit
772 2716 786 2764 ,·
814 2693 942 2774 primns
970 2698 1075 2754 cirtem
1106 2691 1165 2776 Sp.
1205 2690 1322 2756 Curui-
1395 2767 1396 2772 η

276 2774 340 2838 lius
368 2795 501 2838 unm'cm
531 2780 715 2841 sterilitatis
736 2798 838 2840 carisa
861 2777 991 2856 dimisit,
1014 2787 1045 2840 ct
1069 2775 1263 2840 Plutarchus
1277 2781 1322 2857 ⁶),

275 2859 382 2946 cnjus·
401 2871 508 2925 tamen
536 2865 636 2926 verba
669 2883 710 2924 ne
740 2863 870 2926 dubium
901 2863 1030 2946 quidem
1060 2864 1135 2946 quin
1167 2873 1323 2944 corrupto
1395 2899 1396 2925 t

275 2946 359 3020 sint,
390 2967 463 3011 cum
493 2953 569 3014 anni
599 2942 758 3014 CCCXX.
781 2971 813 3032 p.
838 2970 867 3011 u.
891 2967 920 3010 c.
951 2947 1111 3030 legantur.
1155 2947 1223 3012 Sed
1254 2947 1321 3013 Va·

273 3027 375 3096 lelius
404 3031 568 3098 Maximus
599 3055 663 3098 non
692 3045 867 3109 accurate,
898 3034 957 3096 sed
989 3034 1167 3118 majoribus
1196 3045 1321 3100 tantum

273 3116 417 3187 numeris
447 3135 527 3182 usus
556 3141 675 3187 aurium
698 3119 788 3186 illum
818 3119 949 3183 indicat.
993 3117 1164 3184 Consentit
1193 3139 1321 3186 mecum

275 3194 551 3285 Goettlinginffl).
595 3205 799 3286 Scriptorum
828 3213 934 3270 autem
957 3203 1053 3269 locos
1081 3226 1184 3289 supra
1205 3205 1321 3270 laudu-

271 3295 335 3354 tos'
356 3286 398 3354 dc
434 3287 591 3366 divortio,
626 3310 689 3354 non
720 3291 761 3354 de
791 3292 928 3376 reprulio
967 3284 1198 3376 intelligendos
1229 3311 1318 3366 csse,

271 3381 362 3438 reete
384 3385 493 3440 monet
509 3373 753 3458 Schuetuusu,
774 3377 833 3460 qui
850 3387 958 3441 tomen
980 3373 1125 3442 subulam
1145 3375 1211 3441 lroo
1232 3398 1320 3442 anno

272 3457 608 3528 datam'comoediam
637 3460 740 3526 lirisse
769 3462 867 3526 nimia
898 3484 971 3528 cunr
1003 3463 1143 3527 audacia
1173 3462 1318 3546 conjicit.

271 3541 414 3610 Nam'ut
441 3547 630 3625 concedam,
658 3547 744 3631 quo‘d
769 3549 896 3632 quidem
919 3544 997 3612 mihi
1019 3549 1159 3612 nondum
1183 3567 1319 3630 persua·

270 3644 343 3695 curn
366 3649 441 3695 esse
462 3632 619 3720 profiteor
642 3653 705 3696 nec
729 3653 923 3718 persuasum
945 3633 987 3698 iri
1012 3655 1131 3716 spero,
1159 3627 1321 3711 subulam,

271 3724 369 3797 quam
391 3713 503 3783 Livius
519 3719 606 3784 dedit
623 3717 772 3802 primam,
793 3719 994 3783 comoediam
1013 3718 1187 3796 luisse'sde
1201 3717 1319 3785 Naevii

270 3807 379 3864 tomen
402 3799 515 3870 fabula
537 3805 642 3891 prima
663 3803 745 3870 nihil
773 3804 848 3869 inde
870 3804 1024 3870 concludi
1046 3815 1169 3889 potest.
1215 3803 1217 3810 ’

277 4005 281 4014 ’
335 4015 584 4092 1)ἱ.’1.ρα,ᾳ.1ᾈ.,
618 4010 791 4096 mirandi.
832 4015 937 4091 diunt.
956 4013 1039 4080 R'om.
1058 4017 1144 4078 [tat
1187 4018 1316 4090 mitt.

265 4096 295 4156 71
315 4103 400 4158 etta.
442 4101 477 4172 5)
495 4101 528 4158 ll.
548 4103 611 4160 Η.
654 4105 689 4173 ll)
707 4123 800 4178 comp.
821 4107 941 4180 Imenrp„
959 4115 988 4162 et
1004 4108 1090 4164 Num.
1109 4107 1134 4162 3.
1181 4105 1316 4187 Ditem.

267 4183 444 4258 Stantrcers.
455 4203 527 4260 pap.
543 4186 587 4241 llll.
631 4187 665 4255 8)
681 4189 700 4241 l.
717 4188 736 4242 l.
748 4207 819 4262 pap.
838 4188 868 4243 ld
882 4199 956 4254 not.;
973 4184 1101 4246 Niebuhr
1115 4191 1201 4246 Rom.
1214 4189 1315 4246 Gerod-

263 4269 307 4328 lll.
321 4289 393 4346 pap.
411 4273 472 4332 nr.
509 4269 584 4326 lietu
613 4269 698 4325 Rom.
718 4269 905 4329 Wioatieclrt
930 4292 999 4348 pop.
1018 4273 1068 4330 207
1085 4293 1145 4348 sqq.
