2776 4892
472 363 520 376 -
575 325 651 398 11‘7·
689 275 748 378 '-

96 511 146 574 tia.
189 508 226 570 In
249 505 341 569 initio
363 505 449 570 enirn
470 503 605 572 fabulae
626 525 739 590 regem
759 513 1042 592 'repraesentatum
1061 530 1138 578 esse

95 593 239 678 opinatur
264 601 444 664 venantem
469 613 558 664 „auu
586 593 778 672 comitibus,
820 607 957 681 quonam
987 596 1137 665 nonnulli

93 679 217 762 longius
257 678 409 743 venando
450 679 619 762 progressi
656 679 825 746 Bacchum
865 701 940 748 oum
981 684 1139 760 comiato

94 777 222 850 propter
245 781 372 830 amnem
385 763 418 848 1)
440 765 644 830 incedentem
663 765 803 832 viderint
824 766 962 853 visaque
983 770 1054 852 regi
1075 791 1135 836 suo

92 851 239 916 referant
291 849 385 927 Quae
419 849 497 932 mihi
526 850 656 936 quidem
695 853 883 939 neutiquam
917 854 1134 936 satisfaciunt.

93 937 196 1002 Verba
220 937 366 1020 Lycurgi
389 948 483 1016 sunt,
507 959 623 1022 quem,
645 944 758 1004 nescio
783 939 876 1023 quis,
911 941 1135 1020 admonuerat,

91 1045 129 1088 na
151 1045 223 1088 oum
247 1022 320 1091 Deo
343 1025 549 1108 praepotenti
579 1023 754 1108 confligam
783 1028 963 1112 respondet
990 1049 1068 1110 rex,
1096 1049 1138 1092 sc

92 1110 215 1194 quidem
237 1109 365 1172 vidisse
388 1107 528 1184 hominis
551 1111 727 1174 effeminati
748 1113 948 1195 potentiam3
981 1134 1059 1178 nam
1080 1135 1137 1179 un·

89 1206 138 1260 tea
161 1197 255 1282 jam,
291 1215 364 1259 cum
395 1207 525 1280 captum
548 1196 654 1263 Deum
685 1199 783 1262 istum
814 1199 1004 1278 carceribus
1033 1199 1136 1266 inolu-
1165 1269 1167 1274 ,

90 1282 224 1345 dendnm
248 1281 403 1346 ministris
426 1284 614 1362 tradiderim
645 1283 760 1348 risisse
791 1304 828 1349 se
852 1283 923 1372 ejus
945 1285 1138 1370 ebrietatem

89 1379 119 1432 et
139 1367 308 1432 mollitiem
322 1373 364 1449 ²).
411 1369 505 1442 Quae
528 1392 601 1436 anm
623 1369 670 1434 ita
691 1370 766 1452 sint,
782 1373 909 1452 nescio,
926 1391 1011 1456 quae
1034 1392 1138 1438 causa

90 1455 139 1532 sit,
162 1457 237 1518 cun
247 1455 406 1519 comicum
428 1454 494 1520 hoc
517 1457 551 1520 in
571 1455 649 1521 loco
672 1455 817 1522 colorem
840 1459 980 1541 agnosci
1003 1469 1139 1536 conton-

90 1539 143 1604 dat·
162 1541 381 1606 Duentzerns.
430 1541 526 1616 Quod
555 1543 642 1607 enim
671 1561 785 1606 omnes
815 1541 936 1626 longus
965 1555 999 1609 ct
1027 1543 1140 1608 mulie·

87 1626 161 1690 bres
192 1637 306 1691 vestes
339 1629 382 1692 ad
411 1649 511 1692 unum
540 1626 706 1693 Bacchum
743 1627 844 1694 refert
872 1629 1066 1714 Lycurgus,
1105 1630 1138 1694 id

88 1712 286 1796 indignantis
308 1725 367 1778 est.
412 1711 544 1778 Vestitu
567 1716 652 1779 enim
673 1713 824 1780 muliebri
844 1735 941 1781 usum
962 1736 1039 1782 esse
1054 1713 1144 1781 Bac*
1187 1750 1194 1776 .

87 1797 182 1862 chum
207 1809 339 1863 constat
353 1801 398 1884 ³).
442 1801 580 1864 Praeter
606 1801 735 1884 reliqna
754 1803 958 1868 uestimenta
988 1813 1138 1869 crocotu-

87 1880 261 1949 lusatiam
282 1885 428 1950 mollium
457 1885 651 1952 feminarum
672 1885 797 1966 saissa,
832 1907 875 1952 cx
896 1889 993 1954 Arari
1023 1889 1140 1953 comici

86 1968 277 2055 fragmento
293 1975 327 2056 ⁴)
351 1983 509 2056 apparet:

615 2103 760 2176 adadenus
777 2101 801 2162 ὅ
809 2103 883 2162 εἶναι
901 2109 980 2162 δοκεῖ

296 2192 396 2262 φορῶν
419 2185 578 2260 aquaductio
601 2190 650 2246 uoti
670 2193 833 2260 γυναικείαν
859 2190 967 2264 στολήν.

76 2331 430 2420 Kponmrdu'Bacohi
462 2342 589 2398 vestem
611 2332 691 2398 dicit
712 2336 811 2400 etiam
833 2331 987 2401 Cratinus
1008 2335 1042 2399 in
1064 2331 1140 2398 Dio-

76 2421 332 2509 nysalexandro
350 2422 392 2504 ⁵).
438 2417 488 2484 De
511 2420 723 2503 διαβάθρας
743 2417 839 2485 locus
861 2432 912 2486 est
934 2422 1022 2504 apud
1038 2419 1140 2484 Athe-

79 2529 205 2574 naeum
222 2507 274 2590 6);
307 2507 349 2570 de
371 2503 462 2590 palla
491 2514 525 2568 et
554 2506 688 2588 patagio
712 2506 890 2588 disputavit
912 2506 1082 2570 Beckerus
1096 2509 1141 2587 7).

83 2594 281 2662 Montualt'o
305 2590 491 2674 significant
514 2589 679 2654 madidum
712 2589 847 2676 ramniu
870 2595 993 2656 crinem
1014 2593 1140 2656 molles-

83 2703 144 2768 que
168 2699 316 2746 coronas
334 2682 376 2759 8).
423 2677 573 2740 Mortuos
606 2675 692 2740 enim
724 2679 856 2742 coronis
886 2698 1005 2742 ornare
1027 2687 1059 2742 et
1083 2699 1141 2744 uu·

82 2787 186 2852 gnere
215 2765 369 2832 solebant
383 2763 428 2849 ⁹).
472 2762 589 2912 Nepae
620 2762 703 2826 satis
733 2764 824 2844 scio,
863 2783 907 2828 an
939 2762 1142 2828 crocotulam

82 2865 184 2940 poeta
207 2851 384 2934 respiciat,
415 2870 489 2914 oum
543 2849 656 2912 ivitum
686 2850 853 2914 cadavera
881 2849 1060 2933 splendidis
1084 2870 1141 2912 ve-

82 2940 191 3006 stibus
213 2936 505 3019 induerentur-1⁰).
538 2932 615 3000 Alia
635 2933 733 3022 hujus
755 2935 851 3002 vocis
874 2933 1069 3020 significatio
1093 2945 1159 3019 est¹

82 3027 173 3112 apud
195 3023 352 3104 Picatum
366 3022 432 3106 ²¹).
479 3100 481 3104 .

85 3255 300 3270 m

148 3389 180 3462 l)
218 3387 261 3460 cf.
285 3387 397 3458 frapm.
415 3385 441 3440 7.
511 3385 541 3450 2)
567 3383 606 3452 of.
625 3383 729 3457 Europ.
755 3385 866 3442 Bacch.
885 3387 957 3451 nan·
993 3383 1141 3441 Fritaoolue

80 3483 120 3539 ud
135 3479 291 3556 Aristopiu.
313 3473 482 3554 Thesmoph.
499 3477 547 3533 lto
560 3493 634 3550 pap.
649 3477 684 3530 47
734 3477 763 3546 3)
787 3475 917 3533 Welolte'r
946 3474 1053 3556 Tritop.
1066 3494 1140 3553 paq.

79 3577 128 3632 321
147 3585 228 3642 ποῇς
251 3573 373 3630 ΝαοΙιίν.
386 3592 458 3648 pap.
480 3573 529 3627 110
546 3577 623 3638 not.;
647 3558 754 3625 Jacobs
772 3571 813 3626 ad
831 3571 972 3626 Portam.
988 3586 1057 3644 pap.
1074 3569 1143 3632 300,-

82 3657 229 3726 'rute'rsea
263 3665 305 3724 aa
327 3667 476 3740 nuncupa.
505 3667 583 3722 nau.
607 3665 650 3720 to.
708 3665 738 3732 o)
771 3665 851 3738 apuu
878 3661 1143 3720 Paropanisus.

82 3763 222 3820 Mainake
240 3761 287 3817 ΙΙΙ.
302 3779 373 3837 pap.
390 3761 449 3818 273.
469 3761 509 3834 of.
528 3760 662 3816 Beckeri
682 3757 829 3814 Chattloles
843 3757 877 3813 ΙΙ.
892 3774 963 3831 pap.
974 3759 1025 3814 327
1039 3768 1069 3815 ct
1082 3761 1144 3816 352:

83 3859 113 3931 5)
132 3855 322 3914 Metnedo'ii.
345 3871 419 3930 pap.
433 3856 476 3911 37.
527 3855 559 3922 d)
577 3853 649 3910 nili.
665 3871 736 3927 pay.
752 3854 804 3908 568
818 3853 844 3908 b.
864 3852 949 3917 ssuaa
974 3853 1146 3929 Boetttqor's

82 3951 178 4009 loleine
199 3949 359 4022 Schriften
375 3949 421 4004 lii.
436 3947 562 4022 papi&
606 3947 760 4019 DGollus
771 3947 793 4002 1.
810 3965 879 4021 pap.
888 3949 939 4004 373
947 3968 1005 4023 sqq.
1047 3951 1077 4019 8)
1087 3969 1147 4007 tuor·

84 4047 121 4102 aa
140 4054 212 4104 aar
235 4041 334 4100 onor
353 4041 474 4098 Metam.
486 4041 600 4097 mam.
652 4041 826 4112 naama
843 4029 984 4101 nitran.
997 4048 1148 4122 papam

86 4139 249 4198 cumules
266 4135 301 4192 11.
320 4153 395 4210 pop.
415 4136 473 4191 171.
526 4135 571 4205 10)
591 4135 723 4194 Becker'o
740 4134 842 4193 Gutum
855 4136 889 4192 ΙΙ.
901 4136 974 4212 paq}
988 4139 1048 4194 277.
1102 4142 1148 4212 11)

85 4234 171 4292 Asin.
188 4231 241 4290 Ν.
260 4231 284 4284 1.
300 4227 345 4297 67,
363 4230 413 4286 udi
426 4230 491 4286 uida
506 4227 637 4287 Lintiera.
656 4241 659 4248 ’
