2776 4892
654 265 829 354 22-'102
881 315 929 342 ..κ

274 470 308 529 at
336 459 499 528 Naevium
529 457 677 544 ejusdem
710 459 852 525 nominis
887 455 1017 526 fabulas
1048 455 1244 536 nonnullas,
1289 471 1327 528 ot

273 543 490 632 Aegisthum,
517 543 643 630 Equum
673 543 868 632 Trojaaum‚
903 543 1093 628 Virginem,
1125 543 1326 630 reliquorum

275 634 480 718 tragicorum
497 652 589 696 more
611 631 686 716 pepi
711 633 778 704 isse
800 639 911 716 putet,
945 629 1070 696 nescio.
1116 631 1325 716 Quamquam

274 738 413 802 vereor,
440 739 482 783 ne
510 716 600 782 nulla
620 717 663 782 sit
685 653 833 784 dicenda.
877 715 927 790 De
948 714 1109 799 Aegistho
1139 719 1224 782 enim
1247 731 1326 802 post

276 807 406 870 doctam
429 801 590 892 Doellenii
619 803 870 888 disputationem
899 799 978 868 nihil
1005 801 1155 876 relictum
1185 813 1238 867 est
1268 805 1325 868 du,

274 892 375 957 bium.
421 889 516 964 Quae
539 892 580 961 de
601 889 737 974 Virgine
759 912 833 956 cum
853 889 987 974 reliquis
1007 887 1095 957 Viris
1114 887 1245 966 Bootis,
1270 891 1326 976 qui

274 977 308 1042 in
328 977 395 1042 hoc
417 972 498 1043 orbe
519 976 643 1048 versati
664 987 760 1058 sunt,
791 972 886 1060 dicit,
914 976 946 1038 in
970 995 1082 1040 errore
1103 986 1180 1051 sunt
1201 976 1323 1058 posita,

298 1061 547 1132 uemadmodum
568 1083 628 1128 suo
650 1059 726 1136 loeo
748 1063 946 1139 docebimus
990 1052 1109 1126 Restat
1127 1079 1192 1126 una
1212 1059 1323 1148 Equus

276 1085 476 1236 Projanum
497 1147 539 1212 de
561 1169 626 1236 qua
646 1147 752 1234 magis
775 1148 906 1213 dubium
927 1147 1081 1234 judicium
1103 1160 1172 1224 est,
1206 1148 1256 1212 ita
1277 1159 1323 1212 ta-

276 1255 351 1306 men
375 1233 527 1313 dubium,
564 1246 599 1298 ut
628 1227 835 1300 verisimilius
865 1246 953 1302 certe
987 1234 1030 1298 sit
1058 1230 1237 1298 secundum
1273 1255 1322 1310 ea,

299 1343 362 1386 uae
384 1340 485 1406 supra
506 1321 736 1406 exposuimus,
773 1319 910 1400 Naevii,
942 1342 1007 1385 non
1030 1320 1113 1386 Livii
1134 1319 1222 1390 hanc
1249 1340 1323 1385 esse

276 1343 432 1473 Pabulum.
476 1403 550 1472 Duo
573 1418 696 1472 tontum
719 1416 849 1478 exstant
870 1419 1017 1472 veterum
1037 1404 1114 1486 loci,
1133 1407 1253 1490 quihus
1268 1407 1321 1469 ed-

277 1493 353 1558 ditis
373 1503 543 1578 poetarum
571 1493 756 1558 nonrinibus
785 1494 856 1586 ejus
886 1493 1004 1558 mentio
1036 1491 1101 1566 fiet.
1146 1490 1244 1556 Alter
1273 1503 1323 1558 est

275 1577 578 1662 ulacrobtanus1),
608 1580 662 1664 qui
684 1579 862 1656 Naevium,
893 1577 979 1644 alter
1004 1577 1173 1644 Nonianus
1187 1583 1238 1660 2),
1269 1580 1322 1664 qui

276 1661 407 1730 Livium
428 1677 594 1732 auctorem
617 1665 757 1731 exhibet.
801 1665 901 1748 Atqui
923 1665 955 1730 in
977 1662 1244 1751 frequentissima
1264 1663 1322 1729 ho

276 1770 348 1816 rum
369 1760 540 1834 poetarum
572 1750 766 1818 confusione
781 1753 813 1838 ³.)
842 1750 1002 1828 Naevium
1031 1771 1091 1836 pro
1121 1749 1217 1822 Livio
1248 1753 1321 1816 suh·

277 1835 413 1902 siituere
434 1857 501 1910 non
523 1837 645 1903 dubito.
1212 1835 1215 1842 ’

362 1955 437 2021 Jam
459 1958 492 2023 in
513 1968 740 2042 argumentum
760 1953 893 2023 fabulae
907 1953 1095 2042 diligentius
1110 1955 1321 2040 inquiramus,

276 2060 343 2126 qua
363 2041 396 2108 in
412 2063 450 2109 re
464 2042 581 2114 Plauto
604 2055 637 2110 et
652 2043 813 2110 Cicerone
827 2043 1016 2108 auctoribus
1039 2041 1084 2105 uti
1106 2041 1191 2118 licet,
1233 2043 1321 2108 Duo

276 2128 340 2192 bus
368 2130 452 2193 enim
475 2128 531 2195 ille
560 2129 643 2196 locis
657 2131 895 2214 ⁴)·comparat
923 2128 1075 2193 astutiam
1097 2125 1199 2208 illam,
1225 2149 1321 2212 quarn

280 2232 399 2296 equum
421 2215 615 2281 fabricando
639 2217 759 2281 Graeci
779 2226 896 2280 contra
917 2215 1080 2299 Trojanos
1102 2213 1320 2292 adhibuerint,

278 2319 352 2363 cum
376 2301 513 2380 insidiis,
530 2323 613 2386 quas
636 2303 770 2366 senibus
792 2303 880 2366 servi
898 2298 1039 2367 fallaces
1055 2311 1181 2364 struere
1204 2299 1320 2370 solent.

278 2383 448 2450 Personae
475 2387 561 2454 enim
592 2385 725 2452 subulae
752 2397 883 2470 praeter
903 2385 1009 2464 allos,
1037 2407 1120 2470 quos
1141 2387 1321 2463 noscimus,
1372 2411 1373 2429 ¹

276 2465 313 2532 hi
343 2481 433 2542 certe
462 2482 573 2550 erantr
602 2472 731 2556 Epeos,
760 2471 883 2551 Sinon,
915 2471 1076 2556 Ulysses,
1105 2471 1321 2555 Agamemno,
1371 2487 1372 2505 ¹

275 2553 469 2636 Menelaus,
498 2557 658 2632 Priamus,
701 2557 838 2624 Plautus
867 2568 974 2622 autem
1005 2579 1071 2622 non
1101 2559 1212 2621 dubito
1245 2561 1319 2644 quin
1370 2563 1371 2583 ¹

275 2639 393 2706 Naevii
416 2642 561 2710 fabulam
583 2645 740 2728 respiciat
759 2656 837 2709 ante
858 2643 1042 2709 Bacchides
1068 2654 1102 2707 et
1119 2643 1319 2710 Pseudolum
1369 2639 1370 2659 ¹

262 2725 415 2806 editam,
439 2740 474 2794 ut
496 2729 636 2815 populus
657 2741 826 2813 spectator
850 2731 953 2794 verba
974 2741 1007 2796 et
1029 2727 1183 2813 Chrysali
1216 2741 1251 2795 et
1271 2732 1317 2795 Si·
1367 2727 1369 2804 j

275 2813 383 2879 monis
404 2817 488 2880 bene
509 2815 715 2881 intellexerit.
744 2816 899 2881 Sinonem
921 2817 1019 2881 etiam
1039 2816 1071 2879 in
1094 2817 1190 2880 busto
1206 2814 1318 2882 Achil-

275 2896 320 2974 lis
340 2899 429 2966 humi
451 2913 649 2986 prostratum
671 2913 704 2966 et
724 2903 801 2966 inde
822 2923 843 2966 a
864 2901 1017 2990 Trojanis
1037 2913 1243 2986 protractum
1264 2925 1318 2987 po·
1365 2959 1366 2965 ,

274 2996 348 3050 stea
368 2987 567 3071 Argivorum
589 2988 692 3055 classi
712 2987 794 3054 sace.
811 2989 940 3071 signnm
962 2990 1103 3065 dantem,
1125 3009 1246 3073 equum
1269 3011 1317 3054 se

221 3082 231 3103 ¹
273 3077 336 3153 per
364 3074 505 3138 scissum
525 3073 623 3140 limen
652 3086 769 3160 portae
791 3074 919 3139 Scaeae
947 3075 1020 3140 sive
1041 3074 1203 3160 Phrygiae
1222 3095 1316 3159 supe
1363 3113 1364 3117 =

272 3165 345 3220 rum
367 3157 401 3222 in
423 3179 534 3225 arcem
555 3174 684 3227 vectum
707 3161 935 3244 comperimus.
981 3160 1195 3226 EGiceroois
1211 3173 1317 3228 autem
1362 3180 1363 3193 ¹

273 3243 384 3318 vorbis
397 3246 428 3325 ⁵]
457 3256 613 3330 apparet,
643 3248 857 3312 convivantes
879 3258 912 3312 et
932 3243 1075 3316 laetitiae
1095 3265 1173 3316 sese
1201 3249 1316 3314 deden·
1361 3256 1362 3269 ¹

273 3338 326 3393 tes
341 3329 503 3417 Trojanos
522 3332 685 3400 cecinisse
697 3333 866 3410 Naevium,
910 3332 1021 3400 Verba
1036 3335 1109 3417 ipsa
1125 3332 1211 3398 haeo
1226 3345 1315 3399 sunt:
1360 3319 1361 3346 ¹

273 3416 458 3501 quidecim
487 3417 712 3490 delectationis
732 3422 876 3488 sexcenti
897 3422 975 3484 muli
989 3423 1025 3484 ie
1051 3419 1316 3505 clytemnestra,

146 3581 150 3592 Ι
273 3512 333 3572 aut
353 3504 388 3568 io
402 3504 498 3591 Equo
519 3505 668 3598 Trojano
691 3515 856 3580 craterum
879 3505 990 3588 (codd.
1003 3514 1175 3582 craterus,-
1197 3507 1315 3573 Graev.
1357 3533 1358 3576 r

273 3597 458 3666 remorum,-
480 3591 605 3666 Osann.
630 3593 685 3658 alii
707 3594 928 3678 craterarum)
952 3595 1020 3660 trio
1042 3594 1172 3657 millio?
1205 3595 1241 3669 ln
1264 3611 1316 3657 ex·
1354 3589 1357 3651 l

272 3685 396 3748 strema
416 3675 530 3744 sabula
543 3683 576 3761 ⁶)
607 3679 770 3766 Trojanos
791 3678 958 3744 reddenda
978 3677 1104 3744 Helena
1126 3679 1264 3766 ejusque
1286 3701 1315 3743 o
1354 3659 1356 3732 l

272 3759 371 3851 pibus
392 3783 509 3855 pacem
530 3776 681 3858 petentes
702 3763 838 3848 scelti),
853 3759 995 3856 frustra3
1016 3785 1091 3841 sero
1108 3767 1193 3841 euim
1210 3766 1315 3852 sapie-

335 3909 339 3916 .
377 3909 381 3918 .

339 4007 367 4079 l)
386 4001 509 4064 Saron:
532 4009 579 4068 Vl.
598 4013 622 4068 1.
644 4029 716 4088 pap.
742 4011 792 4066 157
818 4009 885 4084 Brp.
937 4011 967 4080 2)
980 4030 1054 4086 pop.
1076 4011 1126 4066 475
1144 4007 1239 4068 More
1290 4011 1315 4076 3)

270 4094 309 4164 cs·
327 4112 401 4169 pap.
418 4095 462 4150 88·
513 4096 543 4163 4)
561 4095 669 4166 Bacch.
688 4095 735 4152 lV.
753 4098 778 4151 7.
797 4093 894 4152 1-53
906 4114 915 4166 3
942 4095 1079 4160 Pseudol.
1097 4093 1142 4150 lv.
1166 4095 1192 4150 8.
1212 4097 1238 4150 7.
1290 4097 1315 4160 5)

270 4179 311 4234 od
327 4179 440 4238 Dtoers.
458 4177 516 4234 Vll.
537 4179 603 4245 [8.
654 4183 685 4254 6)
703 4179 794 4249 Cicer,
813 4182 854 4248 ad
866 4181 979 4241 Dicere.
997 4181 1057 4250 Vll,
1077 4181 1117 4238 ld.
1169 4183 1199 4251 7)
1220 4182 1315 4238 Festus

265 4261 404 4343 pop'dtd
423 4258 526 4328 Maera
545 4341 558 4366 ἢ
772 4275 775 4280 ·
