2802 4908
475 341 753 420 -159-

92 528 217 616 Lydum
237 524 351 594 Livius
385 529 514 615 queque
545 527 731 611 composuit
750 515 1014 610 Andronicum).
1068 527 1137 595 Sed

94 614 227 681 meliora
257 635 311 680 me
340 615 470 678 edocuit
496 611 654 678 Munkius
667 613 710 698 ²).
763 611 878 679 Ludos
906 615 991 678 enim
1020 616 1142 682 satiras

93 702 245 767 dicebant
272 698 458 766 fabularum
488 700 633 784 speciem
661 697 850 764 reserentes.
895 699 1064 789 Ejusmodi
1093 702 1141 767 lu-

93 787 167 852 dum
189 786 278 851 banc
299 806 429 874 quoque
449 784 566 849 Naevii
588 783 736 851 subulam
756 783 871 870 fuisse,
891 795 959 851 tum
981 787 1032 871 id,
1053 787 1142 873 quod

92 894 114 938 a
136 872 298 940 Cicerone
319 882 486 938 servatum
506 881 559 936 est
571 870 802 958 fragmentum,
824 883 892 937 tum
908 871 1028 938 Festus
1052 894 1141 939 eom·

93 961 268 1044 probat³),
290 959 364 1045 qui,
388 956 537 1042 quamvis
566 957 706 1022 Ennium
728 955 856 1023 demum
885 956 1028 1044 Satiram
1050 959 1141 1025 inve·

90 1047 181 1111 nisse
199 1055 337 1123 constet,
357 1064 377 1108 e
399 1043 518 1110 Naevii
539 1042 650 1108 Satira
666 1062 799 1108 versum
814 1043 921 1109 affert.
951 1044 1046 1119 Quae
1067 1067 1144 1112 curn

92 1132 137 1197 ite
158 1132 236 1210 sint,
257 1151 321 1195 nec
341 1129 470 1196 Ludum
490 1149 553 1200 uec
575 1129 729 1208 Setirum,
750 1149 825 1208 nec,
847 1129 889 1194 dc
909 1150 975 1215 qua
996 1152 1033 1196 re
1055 1132 1145 1198 infra

93 1229 222 1302 agetur,
244 1218 459 1282 Personatam
481 1213 668 1302 peculiares
688 1215 804 1282 Naevii
828 1217 1017 1290 comoedias
1036 1216 1142 1285 fuisse

91 1315 183 1388 puto,
207 1303 266 1368 sed
290 1301 453 1368 inclamet
480 1303 618 1367 satiram
646 1297 857 1368 scribendum
879 1321 955 1368 esse
978 1303 1143 1384 existimo,
1172 1313 1174 1322 ’

92 1401 127 1455 ut
146 1391 262 1456 nescio
287 1389 341 1454 cui
360 1387 493 1456 fabulae
514 1398 652 1474 propter
671 1388 839 1453 satiricum
860 1381 1001 1455 indolem
1016 1388 1085 1456 ludi
1108 1399 1143 1457 et

92 1478 216 1542 satirae
237 1495 355 1542 nomeu
385 1475 541 1540 inderent.
587 1473 624 1538 Si
652 1475 864 1560 conjecturae
884 1473 997 1558 locus,
1019 1476 1143 1543 suiten

94 1560 237 1648 quidem,
260 1582 325 1646 quc
346 1581 503 1646 proceres
526 1559 668 1627 civitatis
689 1561 889 1644 perstrinxit.
925 1561 1145 1630 Nihilominus

95 1659 204 1714 tamen
227 1643 462 1727 irrter,sabulus
483 1639 611 1710 Ludunt
632 1656 666 1710 et
684 1646 825 1712 Satirem
856 1645 1026 1730 recensui,
1058 1651 1146 1736 quod

95 1737 255 1800 incertum
279 1742 351 1814 cst,
372 1754 450 1798 num
472 1732 674 1817 deperditum
695 1731 738 1796 sit
759 1733 925 1817 proprium
953 1733 1024 1802 e’us
1051 1734 1145 1802 sabu-

95 1818 150 1886 lae
180 1841 319 1896 nomen,
351 1839 448 1903 quarn
471 1829 606 1902 propter
637 1818 805 1883 satiricum
833 1819 906 1904 ejus
926 1759 1071 1888 indolem
1092 1819 1147 1888 vel

96 1909 233 1974 satiram
254 1903 310 1970 vel
328 1903 440 1970 ludum
462 1903 623 1968 dixerunt.

610 2021 641 2087 1.

187 2131 304 2202 Cicero
316 2135 368 2215 ⁴):
390 2126 506 2220 quodsi
525 2103 631 2220 tepere
651 2139 710 2198 avt
728 2121 846 2198 crebre
864 2129 978 2200 valetis
995 2143 1146 2217 extunc,

94 2225 260 2290 monimus
288 2240 343 2284 res
368 2219 522 2304 pvblicae
550 2217 592 2282 ab
616 2217 876 2286 adolescentibus
904 2221 1101 2310 labefactas,
1123 2239 1148 2290 a

95 2309 231 2378 omuibus
253 2315 452 2372 sustentatos
472 2315 504 2372 et
524 2307 692 2372 restitutas
712 2310 896 2394 reperietis.

93 2428 182 2490 Cedo
205 2387 259 2503 prbi
276 2431 414 2484 vestram
432 2425 666 2498 rempublicam
681 2431 799 2484 tantam
816 2425 968 2486 cimisietie
983 2425 1047 2486 idm
1062 2429 1151 2490 citui

99 2531 162 2599 Sic
184 2523 541 2612 enim'percontantnr,
563 2536 599 2592 at
619 2536 667 2593 est
688 2531 724 2593 in
748 2528 871 2593 Naevii
893 2529 994 2606 lnd03
1014 2549 1149 2616 respen-

95 2620 224 2685 dentnr
244 2623 276 2680 et
297 2617 368 2680 alia
388 2623 421 2679 et
440 2614 500 2678 lucc
520 2616 700 2699 imprimis:

229 2732 455 2809 proveniebant
476 2730 620 2790 oratores
643 2731 723 2805 novt,
746 2731 838 2791 etalii
857 2731 1092 2792 adolescentuli.

133 2833 162 2870 Μ

98 2818 185 2952 cgito
224 2877 299 2946 cod.
328 2877 414 2960 Erl.;
457 2879 668 2964 percontanti
706 2876 762 2943 vel
801 2881 1034 2964 percunctanti
1064 2881 1153 2949 editt.

97 2972 183 3039 Silv.
209 2968 335 3034 Victor.
357 2965 505 3048 Magnol.
526 2965 651 3030 Manat.
671 2963 820 3031 Lambiu.
842 2964 929 3030 Petr.
949 2965 1152 3034 Lullemend.

100 3057 232 3136 (ἴσως
260 3059 501 3138 percontantur
522 3051 617 3116 codd.
642 3058 675 3115 et
698 3051 788 3116 editt.
810 3049 945 3136 reliqq.;
973 3054 1009 3116 in
1033 3053 1156 3122 Naevii

94 3143 202 3212 Ludo
215 3141 305 3206 editt
320 3133 449 3204 Vindel.
465 3136 612 3222 Meguol.
627 3133 751 3202 Monet.
766 3136 915 3204 Lumbiu.
931 3136 1017 3204 Petr.
1034 3141 1155 3216 Graev.

100 3227 232 3298 Geruh.
249 3223 351 3290 Orell.
366 3221 494 3300 Klotz.;
516 3225 552 3288 in
570 3223 691 3289 Naevii
702 3231 823 3307 potitae
838 3223 935 3289 muto
951 3225 1040 3306 editt
1058 3227 1152 3312 Sylv.

99 3311 236 3384 Victor.
258 3309 460 3378 Lallemend.
482 3309 558 3376 Ern.
580 3308 736 3376 Schuetz.
742 3334 755 3389 3
776 3313 813 3374 in
837 3311 959 3376 Naevii
974 3319 1157 3395 posteriori

105 3406 160 3487 (e)
195 3399 285 3467 libro
314 3397 387 3462 cod.
417 3393 522 3462 Puris.
552 3407 586 3461 et
613 3393 735 3478 Busil3
764 3399 799 3461 in
824 3395 945 3462 Naevii
969 3403 1156 3481 posteriore

104 3489 194 3556 libro
217 3485 292 3554 cod.
316 3482 454 3562 Erfurt3
480 3484 674 3566 provenient
696 3479 770 3548 cod.
795 3481 888 3562 Pur.;
914 3487 1161 3567 proveniebant

104 3576 208 3642 codd.
242 3569 342 3656 eliqq.
364 3565 508 3647 Placet.;
533 3561 799 3654 provehebantur
826 3567 873 3632 cd
893 3587 947 3632 res
967 3573 1044 3636 novi
1068 3575 1157 3642 editt.

101 3661 222 3728 Lemb.
238 3656 328 3723 Petr.
346 3653 484 3732 Gernh.;
509 3662 573 3718 tam
585 3651 827 3739 proveniebant
841 3651 927 3742 conj.
942 3643 1157 3746 Hermann.⁵)

100 3751 201 3827 rioci,
225 3743 320 3809 stulti
341 3741 435 3806 codd.
457 3738 616 3825 plerique,
638 3739 728 3806 editt.
752 3738 889 3804 Vendel.
912 3739 1005 3822 Sylv.
1029 3743 1155 3813 Victor.
1185 3809 1197 3830 ,

101 3829 259 3920 Magncl.
287 3827 414 3894 Manut.
444 3826 562 3892 Graev.
592 3825 722 3892 Ernest·
746 3824 901 3892 Schuetz.
924 3824 1032 3900 Nobb.
1055 3832 1157 3900 Orell.

100 3913 235 4000 Klotz.;
256 3909 333 3980 navi
353 3920 386 3978 ei
408 3909 501 3977 stulti
522 3909 619 3978 codd.
641 3911 747 3978 Puris.
769 3918 803 3976 et
823 3907 947 3978 Erfurt.

173 4167 207 4236 1>
237 4161 277 4233 cf.
302 4158 448 4215 nanee
472 4156 533 4212 nv.
557 4157 684 4214 marcu
707 4129 818 4232 pipp.
834 4167 907 4232 pap.
924 4159 968 4216 n.
1019 4159 1051 4230 e)
1070 4159 1107 4215 ve
1124 4161 1158 4216 n.

101 4247 276 4325 Fomenta
292 4245 467 4304 emonem
479 4259 551 4318 pap.
568 4247 610 4304 18.
662 4244 692 4311 8)
706 4260 776 4316 pap·
792 4246 843 4300 257
857 4241 959 4298 Muell-
1012 4245 1041 4312 4)
1058 4244 1160 4304 Caum.

101 4339 148 4394 vl.
168 4343 217 4396 m.
271 4334 302 4404 5)
321 4335 353 4388 m
370 4337 426 4388 aa.
444 4329 522 4385 tna.
539 4327 621 4402 urps,
640 4333 716 4388 mro.
729 4343 802 4401 pap.
819 4330 879 4384 972.
