2802 4908
630 329 808 406 &le
856 365 908 385 -ο

247 503 395 602 Eupolis,
417 511 465 580 ltu
484 513 520 582 in
540 511 695 581 Metellos
720 522 755 580 et
775 513 964 599 Scipionem
992 509 1139 582 Naevius
1169 513 1298 582 invehi·

179 651 184 664 .
248 613 318 682 tur3
340 612 376 666 nt
397 600 490 666 deme
517 619 600 685 ugus
622 610 656 665 et
683 599 803 666 stultos
832 610 981 666 oratores
1010 611 1046 667 et
1072 596 1208 667 rabulus
1235 600 1298 682 illi,

247 689 295 754 ita
318 687 452 753 eosdem
515 687 629 752 sevius
657 685 793 754 lacessit
824 697 856 752 et
883 686 1086 772 reipublicae
1115 683 1298 772 perniciem

247 775 353 852 abiis
376 771 543 857 proficisci
572 771 750 857 profitetur.
765 774 796 858 ¹)
836 771 971 838 Plautus
1000 784 1111 838 autem
1137 773 1297 840 nobilium

249 858 411 924 luxuriam
432 870 556 924 tantum
578 860 611 922 iu
632 857 919 944 reprehensionem
950 867 1068 938 vocat,
1098 877 1205 944 neque
1227 859 1298 925 ulla

247 945 319 1012 lere
339 948 413 1032 ejus
441 957 492 1010 est
513 947 713 1023 comoedia,¹
734 945 767 1009 in
797 961 863 1030 qua
883 943 970 1010 hdnu
991 953 1127 1028 propter
1147 965 1296 1026 causam,

248 1051 322 1097 cum
346 1033 389 1097 ab
412 1031 554 1116 ingenua
575 1029 784 1114 simplicitate
805 1029 946 1096 deficere
966 1030 1137 1096 Romanos
1158 1032 1297 1114 videret,

247 1115 377 1182 nobiles
409 1133 475 1182 nou
509 1118 699 1202 accusem).
753 1115 915 1181 simillimi
947 1115 1048 1200 igitur
1085 1115 1233 1183 Plautus
1262 1131 1297 1184 et

247 1203 410 1282 NaeviuS,
433 1204 487 1290 qui
509 1213 576 1269 toto
598 1213 707 1267 tamen
730 1201 824 1267 coelo
846 1223 867 1266 a
889 1201 1002 1280 Livio,
1025 1202 1149 1285 Ennio,
1171 1203 1296 1268 Teren·

251 1289 297 1354 tio
320 1289 451 1353 distant.
498 1288 658 1354 Servilem
686 1289 770 1352 enim
794 1289 995 1353 Graecorum
1016 1289 1227 1354 imitationem
1247 1289 1299 1356 illi

248 1377 381 1439 omnino
419 1384 577 1458 respuunt
592 1377 643 1459 ³),
680 1371 794 1439 Livius
833 1383 943 1438 tamen
975 1374 1009 1438 in
1042 1377 1297 1456 convertendis,

248 1461 422 1526 Terentius
443 1461 476 1524 in
502 1461 671 1544 eleganter
691 1458 866 1524 reddendis
889 1459 1026 1524 Graecis
1051 1460 1299 1545 'exemplaribus

247 1547 295 1611 ita
323 1557 515 1624 versantur,
540 1556 576 1612 ut
605 1545 748 1611 Romani
770 1563 880 1610 mores
902 1557 935 1610 et
955 1544 1105 1610 homines
1135 1567 1299 1632 nusquam

217 1633 283 1696 'iu
306 1652 418 1696 eurum
450 1631 570 1698 fabulis
600 1634 850 1710 adumbrentur,
880 1632 1003 1696 Ennius
1032 1632 1173 1718 denique
1194 1653 1216 1697 a
1239 1655 1300 1698 00·

248 1719 388 1784 moediis
411 1720 542 1783 omnino
567 1718 638 1785 lere
667 1718 821 1783 abstinuit
843 1719 929 1782 etin
953 1718 1153 1783 comicorum
1174 1717 1300 1784 Roma·

251 1823 366 1870 norum
388 1823 529 1870 censura
552 1825 574 1870 a
595 1803 749 1870 Volcatio
771 1804 918 1888 Sedigitu
947 1805 1094 1869 instituta
1121 1805 1301 1888 antiquitu-

249 1891 292 1956 tis
319 1901 443 1955 tantum
463 1892 570 1974 gratia
588 1901 621 1956 et
641 1891 768 1956 decimo
789 1889 918 1954 demum
938 1887 1014 1954 loco
1035 1889 1197 1955 laudatur.
1228 1890 1301 1954 Sed

249 1997 315 2042 unu
347 1977 435 2062 apud
465 1975 654 2042 Terentium
684 1975 759 2041 loco
771 1980 823 2056 ⁴),
856 1977 912 2061 qui
942 1995 1104 2060 nusquam
1133 1975 1214 2042 alibi
1241 1993 1300 2041 res

248 2063 417 2130 Romanas
440 2064 584 2147 respicit,
608 2061 723 2149 Pyrrhi
745 2063 836 2146 regis
867 2062 987 2127 mentio
1017 2061 1072 2140 fir,
1102 2063 1157 2147 qni
1186 2072 1300 2127 tamen

249 2169 309 2216 rex
331 2169 352 2214 0
375 2149 517 2213 Terentii
538 2159 647 2214 aetate
670 2150 825 2213 remotior
856 2159 926 2228 est,
956 2169 1023 2212 nun
1050 2149 1096 2212 ita
1119 2169 1141 2212 a
1165 2147 1298 2227 Naevii,

247 2245 285 2301 ot
305 2235 470 2314 nesciam,
493 2255 537 2298 an
559 2235 751 2314 Terentius,
774 2253 889 2320 quern,
919 2251 993 2299 cum
1015 2233 1205 2299 Eunuchum
1229 2233 1299 2298 edi·

248 2325 343 2386 turus
364 2329 464 2400 esset,
485 2319 624 2386 Luscius
644 2320 836 2386 Lanuvinus
857 2319 934 2384 lorti
955 2321 1184 2398 incusaverat,
1207 2320 1300 2404 quod

117 2435 124 2448 ·
247 2407 385 2492 parasiti
408 2418 441 2471 et
461 2405 572 2471 militis
595 2405 730 2489 gloriosi
753 2425 916 2491 personas
938 2426 957 2471 e
978 2405 1083 2471 Plauti
1112 2399 1228 2468 Naevii
1254 2425 1300 2470 ue

250 2491 376 2558 Colace
406 2493 440 2556 in
470 2491 661 2556 Eunuchum
695 2511 788 2556 suam
821 2492 1024 2576 recepisset,
1055 2501 1185 2576 praeter
1217 2425 1300 2556 illas

248 2597 412 2663 personas
443 2576 509 2642 alia
531 2578 628 2644 etiam
649 2597 669 2644 e
690 2577 798 2644 Plauti
818 2578 1000 2664 Naeviique
1028 2575 1142 2644 fabula
1170 2595 1300 2644 sumse-

249 2666 303 2729 rit.
346 2662 474 2730 Versus
496 2663 647 2730 bisunt:

249 2807 380 2868 Thraso.
402 2801 461 2888 ¹Tu
482 2804 544 2888 huc
564 2806 692 2866 instrue.
728 2801 789 2864 llic
807 2821 864 2883 ego
885 2820 937 2864 ero
953 2804 1024 2880 post
1038 2797 1206 2880 principiar
1226 2798 1300 2864 iude

857 2891 1006 2948 omnibus
1020 2889 1139 2967 signum
1163 2888 1254 2948 dabo.

250 2979 386 3040 Gnatho·
421 2977 503 3038 Illuc
526 2981 574 3038 est
595 2995 705 3054 supere
719 2967 736 3035 .’
761 2974 804 3036 Ut
823 2975 918 3034 hosce
939 2975 1097 3048 iustruxit,
1129 2975 1217 3076 ipsus
1241 2975 1301 3034 sibi

427 3145 514 3206 mem
536 3145 596 3204 noc
616 3145 682 3222 jam
703 3143 841 3220 Pyrrhus
864 3145 1022 3204 factitavit
1071 3065 1152 3120 “m
1173 3061 1256 3120 lm

248 3274 322 3342 lloo
342 3273 490 3364 quidem,
511 3283 548 3340 ut
570 3273 647 3338 mihi
670 3274 816 3354 videtur,
849 3275 923 3341 luco
945 3271 1118 3341 Terentius
1138 3273 1215 3340 furti
1238 3293 1300 3340 su-

250 3362 356 3446 spicio
382 3383 432 3428 ern
455 3361 512 3426 vix
535 3359 680 3444 effugere
702 3373 828 3444 potest,
849 3371 959 3447 atque,
980 3362 1013 3426 ni
1034 3361 1145 3442 fallor,
1167 3381 1186 3426 e
1207 3360 1301 3426 Nae-

249 3449 295 3514 vii
318 3449 368 3513 Co
402 3467 443 3514 ce
472 3446 558 3512 haec
578 3447 610 3512 in
641 3467 735 3511 suam
764 3447 907 3513 sabulum
934 3446 1106 3513 transtulit.
1147 3442 1300 3534 Namque

247 3536 385 3618 parasiti
414 3553 590 3618 personam
613 3551 632 3598 e
656 3531 761 3599 Plauti
790 3533 932 3614 Colace,
963 3533 1094 3599 militem
1116 3531 1300 3617 gloriosum

249 3619 406 3685 eNueuii
436 3619 550 3685 fabula
580 3620 774 3703 cognomine
795 3619 979 3685 Terentium
1010 3621 1212 3685 desumsisse
1242 3639 1298 3684 su·

249 3726 311 3792 pra
326 3710 357 3784 ⁶)
382 3707 684 3771 demonstravimus.
729 3705 844 3792 Neque
866 3706 1143 3772 eNaeviauarum
1165 3726 1298 3772 comoe-

250 3792 377 3856 diarum
406 3791 553 3876 reliquiis
573 3813 638 3856 nun
668 3802 816 3872 constat,
849 3813 922 3858 eum
951 3813 1007 3858 res
1035 3789 1135 3856 multo
1159 3801 1237 3858 ante
1258 3812 1299 3856 se

249 3887 397 3964 tempure
420 3877 542 3958 facus,
561 3877 695 3944 nomina
716 3878 813 3944 etium
836 3890 974 3945 externa
997 3877 1120 3946 fabulis
1142 3879 1212 3943 suis
1237 3880 1299 3943 im-

254 4145 257 4154 ·
320 4125 348 4195 1)
367 4123 483 4180 Ludui·
535 4125 566 4195 2)
593 4123 633 4196 of.
660 4115 724 4178 ctr.
743 4117 882 4178 Peterson
904 4127 936 4178 bt
962 4121 1103 4180 zeitschr.
1128 4123 1181 4196 fiir
1204 4123 1302 4180 Alter-

251 4206 377 4264 adumar.
398 4211 472 4268 1836·
484 4225 557 4283 paq.
581 4214 707 4279 unusqu.
760 4209 788 4276 8)
808 4207 917 4264 Becker
942 4210 979 4264 de
1003 4213 1102 4265 comto.
1128 4209 1215 4264 Rom.
1234 4209 1301 4282 fab.

247 4309 317 4367 pap.
334 4296 369 4350 62
385 4311 444 4364 sqq.
496 4294 525 4361 4)
545 4293 675 4350 Iduuucd.
693 4293 739 4356 lV.
758 4295 783 4350 7.
803 4301 844 4353 11.
885 4296 915 4364 5)
927 4311 1001 4371 paq.
1020 4300 1078 4354 142.
1093 4294 1133 4366 cf.
1146 4309 1219 4370 puy.
1240 4301 1302 4354 144.
