2828 4892
14 4231 16 4350 i

14 4531 16 4634 i

504 313 833 389 ..os-i

615 493 664 560 13.

202 618 389 684 Priscianus
407 619 458 701 ¹):
499 615 647 683 Naeuius
682 619 717 682 ia
752 620 894 682 comatae
929 615 1006 684 belli
1038 618 1158 686 Punici

112 710 241 790 priore:
271 707 402 768 interant
431 706 525 789 ripae
554 721 730 785 expresso,
762 705 919 788 qtromotlo
947 703 1077 784 Titani,
1109 705 1155 769 bi-

114 811 276 876 corpores
303 791 458 876 Ge'pootes
488 792 657 874 stupetque
679 791 848 868 Atlantes,
882 791 1038 856 Recolens
1059 799 1156 877 atqrae

87 943 93 955 ,
116 879 327 962 Purpureas,-
344 875 408 961 filit
436 875 566 940 Terras.

202 987 347 1063 Versus,
378 1003 461 1069 qnos
482 983 557 1048 inde
578 985 717 1052 restituit
738 983 1045 1070 spangenbergius,
1074 988 1159 1051 bene

113 1075 245 1161 quidem
266 1091 343 1138 sese
363 1069 497 1148 habent,
519 1068 580 1135 sed
601 1074 704 1136 verba
724 1069 878 1137 exhibent
897 1073 994 1136 nimis
1015 1081 1157 1137 mnata:

284 1230 291 1246 .
314 1187 434 1244 inerant
447 1183 479 1259 2)
502 1181 621 1263 (travae
644 1182 762 1263 classi)
785 1188 871 1265 signe
894 1203 1038 1266 expressa

286 1274 402 1330 Titanis
425 1272 625 1348 quomodae
662 1273 839 1348 bicorpores
863 1273 1021 1352 Gigantes,

284 1359 446 1502 Ιὲίὲξΐιὲιὲιῐε
467 1357 618 1430 Atlantes,
641 1357 790 1418 eruncus
813 1377 848 1416 ac
870 1358 1061 1436 Purpureus,
1082 1353 1136 1416 filii

116 1548 245 1616 Merula
266 1559 374 1614 autem
389 1549 421 1632 ³)
443 1549 546 1614 verba
573 1569 594 1612 a
617 1547 787 1614 Prisciano
812 1549 911 1614 citata
938 1549 985 1614 ite
1015 1569 1156 1615 commu-

116 1637 217 1713 tavit,
241 1647 275 1699 ut
295 1637 426 1713 tantine,
450 1636 505 1718 qui
526 1633 614 1716 apud
636 1655 709 1700 eum
731 1633 868 1717 legitur,
904 1654 1021 1700 versus
1039 1633 1157 1700 Naevii

117 1723 228 1787 verbis
253 1719 343 1785 nullo
365 1721 494 1785 nomine
516 1718 629 1784 similis
652 1719 716 1786 dici
739 1721 863 1805 possit:

196 1911 199 1919 .
264 1837 382 1907 Mimas,
403 1835 570 1910 Ephialtes,
593 1835 727 1895 Phoitus
749 1839 841 1912 etque
862 1836 1054 1912 Purpureus.
1108 1909 1111 1930 Ι

115 1943 306 2010 Schuettius
336 1961 410 2006 cum
429 1939 590 2004 Muellero
606 1945 639 2023 4)
661 1939 726 2004 hos
747 1939 844 2004 offert
866 1938 1059 2006 Saturnios:

283 2059 405 2115 inerant
426 2056 513 2133 signa
535 2056 687 2130 expressa,
713 2054 864 2130 quomodo
888 2048 993 2114 ritant

280 2141 458 2216 bicorpores
482 2135 630 2217 Gigantes
652 2135 814 2220 magnique
836 2134 986 2198 A'tltintes

282 2225 433 2284 thincns
456 2243 492 2284 ae
513 2225 692 2302 Purpureus
714 2224 772 2286 filii
794 2227 891 2285 terras
908 2223 951 2302 5).

113 2337 323 2403 Hermennus
345 2333 502 2416 denique,
533 2341 568 2395 nt
589 2330 733 2408 assolet,
765 2330 831 2399 hoo
852 2333 949 2398 etiam
971 2327 1046 2395 loco
1068 2327 1158 2414 inge·

111 2423 212 2487 niose
239 2417 354 2484 Naevii
382 2419 484 2482 verba
512 2416 657 2496 refinxit,
690 2417 787 2501 idque
813 2419 879 2494 ito,
912 2428 948 2483 ut
977 2415 1158 2501 particulas

114 2507 373 2593 conjungentes,
395 2514 507 2588 utpote
530 2525 551 2568 a
573 2505 783 2588 grammatico
805 2505 955 2583 additas,
975 2503 1158 2568 omitterete

245 2663 255 2682 .
277 2616 399 2678 inerant
421 2620 507 2696 signa
529 2619 671 2694 expressa
692 2617 845 2695 quamodo
867 2615 971 2678 ritant

243 2704 420 2781 bicorpores
443 2701 602 2782 Gigantes,
624 2701 727 2784 ma'gni
748 2703 901 2778 Atlantes,
928 2701 1078 2763 Rrinclrus
1091 2697 1136 2783 ⁶),

243 2791 424 2867 Purpureus
446 2787 503 2848 filii
525 2787 624 2850 terreis
657 2835 659 2840 .

115 2900 151 2963 in
186 2916 251 2980 qua
286 2894 404 2958 horum
437 2915 589 2958 versuum
617 2893 820 2958 restitutione
849 2912 889 2956 eo
920 2889 1073 2956 libentius
1103 2911 1158 2956 ec·

116 2983 266 3068 quiesco,
289 3003 356 3067 qno
380 2979 506 3045 leviora
529 2989 615 3057 sunt,
638 3000 723 3063 quae
743 2977 880 3042 mutavit
900 2977 952 3041 vir
975 2976 1102 3042 doctus.

204 3089 303 3156 lnsert
324 3102 432 3156 autem
453 3089 518 3154 hos
541 3106 657 3154 versus
677 3111 750 3154 cum
767 3087 895 3154 Merula
919 3090 1025 3172 snol)
1053 3085 1158 3172 Spen-

116 3178 314 3262 gcnbergius
346 3188 460 3242 contre
499 3174 653 3240 disertum
682 3175 841 3240 Prisciani
877 3174 1094 3239 testimoninm
1117 3174 1158 3258 ,in

115 3265 297 3330 secundum
332 3261 484 3329 carminis
514 3259 650 3346 librum,
681 3263 715 3326 in
743 3283 809 3347 quo
839 3271 1030 3346 sequentem
1060 3259 1158 3324 habet

115 3347 330 3415 Schuettium.
385 3347 492 3414 Classi
529 3349 614 3412 enim
650 3367 758 3413 novae
795 3369 817 3412 a
849 3347 1008 3412 Romanis
1042 3354 1158 3408 contra

114 3437 247 3502 Poenos
263 3445 449 3498 exstructae
462 3433 523 3498 has
537 3435 696 3516 imagines
710 3433 887 3516 inscriptas
902 3431 1004 3506 fuisse
1020 3430 1157 3495 arbitra·

115 3538 179 3588 tur.
224 3519 336 3594 Quies
359 3520 448 3606 quod
459 3520 492 3583 in
506 3521 611 3604 ipsos,
630 3539 714 3602 qnos
729 3517 907 3595 constituit,
926 3533 1044 3580 versus
1055 3514 1158 3577 verba

113 3628 222 3675 novoe
245 3608 343 3672 classi
358 3606 495 3670 intrusit.
515 3672 521 3682 ,,
538 3604 726 3670 Schuettius
743 3625 816 3668 cum
823 3598 1001 3676 Niebuhrio
1016 3597 1058 3662 ed
1072 3599 1160 3664 sceti

112 3695 251 3762 Aeneae
273 3693 524 3777 descriptionem
539 3691 650 3757 refert.
686 3689 761 3757 Non
776 3690 882 3755 minus
898 3684 1009 3786 audax*
1022 3693 1076 3751 est
1094 3683 1155 3750 Th.

188 3939 215 4007 1)
233 3936 280 3992 vl.
300 3936 325 3992 l.
348 3951 417 4006 pap.
436 3933 487 3988 etl
506 3941 535 3988 at
552 3934 598 3989 Vl.
617 3935 642 3989 5.
661 3951 735 4009 pap.
750 3931 811 3988 tao.
832 3928 941 4000 Kretl,
957 3931 1008 3987 obt
1023 3933 1158 3988 maxima

114 4027 203 4100 hujus
218 4021 378 4098 srapmeatl
389 4033 464 4090 pars
480 4022 628 4089 repetitur.
679 4019 708 4086 2)
726 4021 768 4072 stc
783 4023 861 4072 recte
885 4021 915 4072 t'a
931 4020 1024 4082 notis,
1048 4019 1159 4072 comite

115 4127 203 4167 uersa
222 4109 336 4182 lepotor
353 4107 494 4160 tuerat.
529 4104 558 4172 3)
577 4105 596 4158 l.
615 4103 635 4158 l.
651 4119 721 4178 pop.
740 4103 783 4159 50.
819 4105 848 4172 4)
866 4102 1158 4174 odFest.pop.312

14 4185 15 4200 ¹
112 4198 144 4264 5)
164 4195 204 4266 cf.
222 4211 289 4265 pop.
306 4193 339 4246 37
356 4207 415 4261 sqq.
465 4188 497 4257 6)
520 4187 621 4246 Herm.
640 4189 812 4255 lienem,-
836 4204 937 4261 sequor
962 4185 1158 4242 Petsrtunrrm.
1273 4251 1275 4260 Ι

112 4283 145 4350 7)
165 4281 185 4333 l.
204 4279 223 4334 l.
243 4294 316 4350 pop.
336 4276 396 4335 tro.

1395 4303 1399 4370 t
