2776 4892
622 301 872 380 ..73-

226 493 410 574 mm
429 485 582 572 appellat
595 482 791 572 Scioppim3
812 501 996 571 rapam
1013 487 1167 572 appetat
1187 491 1273 574 optt-
1382 485 1383 504 ³

224 595 308 642 mum
329 576 415 661 conj.
435 569 592 658 Spengeb

310 683 452 748 Versum
476 703 535 746 cur
556 681 597 746 de
618 678 746 759 Duilio,
769 677 886 746 lovem
907 689 1035 764 patrem
1057 681 1273 766 imprecante,

224 769 516 855 Spengenbergins
534 764 741 844 intellexerit,
761 764 873 844 nulla,
894 766 924 830 si
943 766 1021 850 quid
1035 768 1146 846 rideo,
1168 789 1275 837 causa

225 867 286 921 est.
329 856 384 921 Ad
406 853 568 918 Venerem
600 853 709 936 potius
738 853 843 916 verba
872 853 1036 934 pertinere
1068 863 1105 918 nt
1126 855 1274 939 credam,

223 941 349 1008 inducit
371 960 422 1006 me
443 958 622 1024 pronomen
644 957 746 1001 saum.
789 936 817 1002 E
838 938 944 1020 primo
967 937 1066 1020 igitur
1086 937 1183 1018 libro,
1206 962 1273 1007 non

101 1023 104 1028 ’
225 1027 373 1104 atentia,
396 1047 437 1090 ca
459 1025 609 1088 desumto
630 1042 706 1087 esse
721 1023 873 1106 suspicor
890 1027 932 1104 Ι).
971 1023 1065 1097 Quae
1080 1026 1274 1111 conjectura

225 1116 390 1198 quamsit
418 1109 546 1176 lubrica
574 1118 608 1174 et
636 1108 736 1173 certis
765 1109 964 1190 argumentis
994 1109 1167 1188 destituta,
1197 1132 1273 1180 curn

224 1195 325 1283 plane
356 1206 564 1280 perspectum
600 1191 679 1276 mibi
707 1191 865 1274 habeam,
903 1214 969 1258 uon
999 1198 1213 1282 repugnabo,
1242 1199 1274 1264 si

224 1283 299 1368 quis
319 1280 408 1346 bunc
429 1301 562 1346 versum
583 1277 640 1345 alii
660 1277 737 1344 loco
758 1276 948 1343 adscribere
969 1279 1112 1356 mavult,
1141 1293 1199 1348 ant
1227 1285 1271 1362 ei,

223 1367 280 1432 ubi
302 1388 323 1434 a
343 1365 471 1433 Didone
488 1363 624 1430 Aenean
648 1384 744 1429 suum
765 1362 911 1429 avellere
931 1376 1036 1430 mater
1058 1364 1191 1446 nititur,
1213 1380 1272 1434 aut

223 1452 280 1518 nbi
307 1473 368 1537 pro
397 1453 480 1537 ipsis
501 1450 659 1516 Romanis
688 1449 759 1514 suis
792 1459 878 1526 tum,
908 1471 983 1515 curn
1013 1451 1177 1518 aPoenis
1196 1475 1271 1538 pra-

224 1548 364 1616 muutur,
393 1548 519 1622 patrem
542 1556 638 1601 snum
658 1537 803 1615 invocat,
824 1536 999 1602 dummodo
1015 1535 1093 1601 illud
1111 1548 1272 1624 teneatur,

224 1624 269 1689 ad
283 1622 425 1688 Duilium
445 1623 531 1688 baec
551 1623 654 1686 verba
675 1639 741 1684 non
762 1621 937 1704 pertinere,
959 1622 1019 1686 sed
1035 1623 1078 1686 ad
1094 1622 1269 1690 Venerem.

224 1708 293 1775 Sed
312 1717 446 1774 movent
473 1729 525 1774 me
546 1727 606 1784 ea,
642 1726 727 1790 quae
758 1707 800 1770 de
821 1705 961 1770 Veneris
982 1708 1026 1772 ad
1045 1719 1172 1790 patrem
1194 1731 1272 1777 nra·
1385 1763 1386 1770 ,

225 1793 332 1872 tione,
362 1795 468 1879 qualis
491 1794 580 1878 apud
600 1789 823 1878 Virgilium&
851 1790 988 1876 legitur,
1017 1793 1118 1858 refert
1139 1795 1271 1861 Macro-

225 1879 299 1946 bius
315 1881 368 1962 ⁸),
402 1890 438 1944 ut
476 1881 582 1966 primo
610 1877 694 1943 libro
732 1877 921 1943 adscribere
954 1876 1021 1944 boc
1050 1878 1271 1964 fragmentum

223 1963 489 2120 ἒὲοῌὲηὲθωῇριιᾶ
514 1962 667 2031 Bothium
678 1965 712 2047 ⁴)
740 1963 825 2029 inter
846 1963 1087 2048 tragoediarum
1113 1965 1274 2054 reliquias

726 2201 757 2266 3.

309 2339 430 2406 Festus
443 2343 495 2418 ⁵);
525 2340 679 2424 quianam
704 2356 772 2422 pre
802 2357 907 2424 quare
928 2346 960 2404 et
981 2358 1043 2404 ear
1068 2343 1210 2425 positam
1238 2350 1274 2408 et

224 2425 318 2509 apud
340 2429 511 2511 antiquos,
533 2432 570 2489 ut
594 2423 754 2512 Naeoiam
777 2425 812 2488 in
835 2425 980 2489 carmine
1004 2423 1122 2494 Punici
1142 2427 1239 2494 teta.-

628 2565 747 2624 arimme
767 2564 871 2630 Derim
890 2566 1040 2644 regnator

351 2650 498 2730 quianam
516 2670 620 2729 penna
642 2652 699 2710 ieta·
713 2643 749 2708 .‘.

223 2784 257 2847 in
273 2803 336 2866 quo
352 2779 537 2864 fragmento
558 2799 663 2866 ponar
682 2779 739 2844 isti
753 2800 825 2844 cum
833 2777 962 2844 Merula
974 2781 1007 2859 7)
1023 2789 1057 2846 ct
1070 2779 1274 2862 Hermanno,

224 2866 497 2951 spangenbergio
516 2878 549 2930 et
563 2863 735 2932 Schuettio
758 2869 791 2931 in
807 2866 950 2952 pauntiau·
967 2876 1093 2931 mutare
1113 2867 1272 2934 dubitavi.

222 2953 328 3019 Nimis
343 2951 454 3018 audax
476 2953 561 3016 enim
583 2971 660 3017 esse
673 2952 813 3030 videtur,
836 2973 877 3016 ea
891 2961 1028 3029 mutare,
1051 2973 1136 3038 quae
1152 2973 1195 3018 ne
1215 2975 1273 3020 sa-

224 3041 266 3102 tis
291 3037 457 3122 intelligas
480 3039 618 3124 quidem.
662 3037 747 3102 Nam
770 3058 842 3102 cum
865 3037 1064 3116 nesciamus,
1087 3059 1272 3121 pronomen

223 3125 280 3186 isti
301 3133 407 3187 utrum
423 3122 582 3204 singulari
597 3143 640 3188 an
663 3121 783 3207 plurali
802 3142 937 3187 numero
957 3123 1185 3226 accipiendum
1203 3125 1273 3191 boc

223 3207 301 3273 loco
323 3207 384 3285 sit,
413 3207 531 3289 immo,
562 3217 669 3272 utrum
690 3208 805 3273 Punici
835 3229 878 3272 an
901 3207 1041 3272 Romanu
1063 3207 1203 3286 bominis
1225 3231 1272 3276 an

222 3291 286 3360 Dei
315 3294 419 3360 verba
450 3292 533 3370 siut,
572 3291 659 3356 malo
692 3304 726 3357 et
752 3291 827 3358 libri
855 3293 1066 3377 manuscripti
1095 3293 1272 3361 lectionem

222 3381 307 3445 tueri
329 3399 424 3464 quam
448 3390 569 3443 temere
590 3387 735 3461 mutare,
758 3388 790 3444 et
811 3379 970 3443 incertum
990 3377 1193 3464 relinquere,
1216 3383 1273 3448 cui

221 3465 298 3544 loco
320 3464 385 3530 boc
405 3463 623 3547 fragmentum
639 3465 875 3548 assignandum
891 3483 967 3530 esse
980 3463 1138 3547 videatur,
1160 3487 1273 3551 quam,

223 3551 260 3616 n't
281 3551 591 3636 spangenbergtus,
625 3552 834 3636 conjecturas
855 3550 1066 3633 excogitare,
1118 3570 1181 3616 nae
1202 3553 1275 3618 veri

223 3643 267 3702 rie
288 3638 432 3720 speeiem
462 3636 592 3721 quidem
621 3656 703 3718 prae
731 3635 907 3701 celerant.
951 3635 1013 3710 Qui
1039 3656 1082 3720 pe
1137 3638 1169 3702 ic
1197 3657 1273 3702 ver·

222 3739 297 3787 sum
317 3721 361 3786 ad
380 3721 524 3787 Duiliam
554 3731 707 3804 spectare
738 3731 848 3808 putat,
878 3721 934 3810 qni
963 3740 984 3788 e
1025 3739 1090 3788 ove
1120 3732 1273 3808 quaerat,

223 3827 283 3875 cur
303 3805 436 3872 Poenos
458 3806 615 3892 genuerit

293 4102 321 4170 l)
338 4097 378 4172 cf.
401 4097 512 4172 fragm.
536 4098 557 4154 l.
577 4105 618 4158 11.
670 4100 702 4172 b)
720 4099 790 4160 Aen.
811 4099 830 4155 l·
853 4098 906 4155 228
921 4113 982 4170 rap.
1033 4099 1065 4172 3)
1084 4071 1204 4158 Satara.
1221 4101 1274 4160 Vl.

223 4183 266 4242 21.
315 4185 346 4252 t)
362 4183 472 4258 fragm.
498 4189 573 4258 trap-
592 4201 666 4258 pap.
689 4183 734 4240 95.
784 4185 911 4260 b)pag.
935 4181 1109 4242 25le11·
1160 4187 1190 4254 6)
1208 4186 1230 4242 1.
1248 4187 1273 4244 Ι.

217 4285 290 4344 pap.
307 4267 367 4324 416.
414 4267 443 4336 7)
461 4267 481 4326 1.
499 4268 607 4343 tpaq.
623 4266 684 4324 aaa
