2828 4892
27 4133 29 4170 l

93 4253 132 4326 cf.
145 4273 219 4331 pap.
237 4259 265 4312 5.

490 277 737 356 ..35-

98 471 128 528 et
221 549 333 628 parum
354 552 460 610 emant
481 549 651 627 nequinont
673 551 834 615 Graeciam
854 553 954 616 redire

97 675 240 818 mgnumt
262 663 448 732 Semurium
477 666 521 732 ab
549 663 737 734 Hermanno
775 669 1002 752 constitutum,
1034 668 1133 756 plane

96 773 130 817 re
144 771 225 818 erun
250 773 259 816 ε

716 875 809 954 dique

100 985 104 991 ·
222 961 307 1021 escis
328 959 476 1022 habemus
496 958 680 1022 menlidnem
695 1003 703 1020 .
718 1005 727 1022 .

93 1085 124 1141 ei

508 1191 544 1260 .'.
560 1241 569 1260 .
584 1202 704 1277 panem
725 1201 830 1261 dmoni

99 1327 102 1330 -
220 1283 390 1360 nequinont
411 1281 571 1346 Graeciam
587 1286 693 1346 redire
707 1329 717 1348 .
733 1329 742 1346 .
759 1281 797 1347 .'.

93 1399 150 1466 Sic
174 1419 288 1466 omnes
308 1395 397 1478 fere,
423 1399 523 1476 modo
542 1409 634 1468 recte
655 1401 801 1480 dividas,
830 1399 864 1466 in
885 1409 1022 1466 metrum
1043 1397 1134 1468 facili

94 1505 200 1572 opera
233 1485 337 1569 redigi
367 1495 516 1570 possunt.
569 1486 713 1553 Schema
743 1487 842 1570 igitur
872 1488 916 1554 ab
948 1485 1134 1556 Hermanno

92 1571 297 1656 propositum
319 1571 414 1635 unice
441 1589 556 1638 verum
578 1572 730 1653 arbitror,
752 1573 799 1638 ita
819 1583 938 1652 tamen,
956 1584 1004 1653 ut,
1025 1594 1134 1660 quem·

92 1659 267 1722 admodum
291 1657 470 1723 Grauertus
491 1659 575 1725 scite
596 1659 725 1745 docuit,
747 1669 904 1726 accentus
925 1681 1041 1726 vocum
1062 1659 1133 1746 plu·

91 1744 209 1809 nimum
230 1741 349 1810 valeat.

171 1860 391 2015 tgollegcruut
412 1861 575 1928 commu,
596 1859 745 1928 debello
767 1861 891 1928 Punico
920 1863 1026 1948 primo
1045 1861 1134 1950 frag·

91 1969 170 2016 men
214 1969 224 2012 5

90 2073 256 2134 Robertus
277 2074 308 2130 ei
325 2067 490 2148 ‚Henrr'cus
511 2067 685 2145 Stephani:
712 2065 884 2148 fragmenta
901 2075 1062 2147 poctarum
1084 2089 1136 2130 re-

213 2151 322 2216 'ierum
349 2155 543 2230 Latinorum,
574 2169 704 2230 quorum
734 2172 829 2232 opera
857 2174 919 2216 non
949 2159 1052 2216 extant
1076 2159 1136 2220 eui.

225 2239 318 2302 1564.
348 2237 379 2304 8.
408 2257 479 2320 pag.
504 2237 593 2314 214„
623 2256 642 2318 a
666 2241 775 2316 quibus
803 2237 935 2318 plurima
964 2239 1138 2322 fragmenta

225 2327 360 2386 oratione
382 2325 519 2402 pedestri
541 2341 651 2385 excusa
672 2330 754 2400 suni,
780 2327 860 2386 inter
888 2346 976 2405 quae,
1001 2329 1137 2403 quamvis

220 2427 377 2489 perpauca
407 2411 469 2470 sint
498 2409 644 2486 collecto,
674 2411 771 2472 multa
800 2415 902 2472 lamen
930 2411 1136 2487 inveniuntur,

223 2517 301 2574 quae
320 2515 418 2572 neque
442 2497 481 2555 ad
501 2496 653 2556 Punicum
674 2497 807 2572 bellum,
829 2515 928 2575 neque
951 2501 1073 2558 omnino
1097 2499 1138 2558 ad

219 2582 364 2644 Naevium
389 2583 555 2659 pertinent.

89 2705 228 2772 Paullus
249 2699 394 2762 Merula:
431 2703 467 2777 Q.
496 2699 576 2761 Enni
605 2705 717 2778 poetae
752 2717 822 2760 eum
853 2698 960 2778 primis
991 2701 1138 2761 censendi

223 2787 375 2848 annalium
397 2785 578 2866 fragmenta·
622 2785 721 2867 Lugd.
742 2785 849 2845 Batar.
875 2785 965 2846 1595.
990 2786 1062 2862 nto,
1091 2789 1138 2847 vir

221 2873 331 2932 dubiae
361 2872 441 2931 fidei.
486 2871 571 2948 Quae
602 2872 682 2932 euim
712 2893 729 2932 e
760 2869 918 2948 cnlpurnii
945 2871 1067 2932 Pisonis
1099 2872 1138 2932 de

224 2959 413 3018 continentia
440 2957 577 3016 reiorum
607 2961 768 3035 poetarum
797 2957 837 3014 ad
862 2955 1030 3034 Trajauum
1052 2957 1138 3034 prin·
1223 3021 1229 3033 ,

223 3045 321 3120 cipem
343 3043 428 3103 libris
452 3045 482 3101 ei
505 3062 521 3101 c
544 3042 700 3122 glossariis
717 3039 871 3102 Guilielmi
889 3043 1037 3118 Fornerii,
1060 3059 1138 3120 quos

223 3129 317 3189 libros
346 3147 380 3188 sa
408 3129 561 3205 reperisse
591 3129 688 3204 iisque
715 3143 806 3186 usum
837 3143 904 3187 esse
934 3127 1083 3206 gloriatur
1095 3128 1139 3206 ¹),

223 3215 329 3289 afferi,
358 3217 402 3273 ita
432 3217 505 3273 sunt
533 3217 719 3291 comparata,
744 3216 780 3272 ut
801 3212 984 3291 suspicionis
1006 3214 1140 3290 falsique

222 3303 325 3359 nolam
339 3302 386 3359 rix
401 3301 521 3376 possint
536 3299 669 3378 effugere
682 3299 723 3379 ¹).
757 3299 854 3360 Plura
875 3299 913 3359 dc
936 3299 996 3358 hac
1017 3319 1053 3359 rc
1070 3299 1139 3357 ride

223 3385 307 3463 apud
326 3386 368 3446 Μ.
390 3384 534 3462 Ηο553).
576 3383 776 3444 Nihilominus
808 3403 863 3458 eu,
895 3399 973 3460 quoe
996 3403 1031 3442 ex
1052 3382 1139 3441 libris
1209 3435 1212 3444 .

103 3485 107 3492 ·
223 3473 287 3530 suis
322 3471 406 3548 addit
433 3471 572 3544 Merula,
602 3469 705 3533 Naevii
733 3471 906 3548 fragmenta
932 3468 1055 3545 recepi,
1086 3485 1138 3526 ex·

105 3571 110 3578 ·
222 3559 389 3616 stinotnr'us
428 3575 484 3632 55,
523 3556 651 3618 simulac
687 3555 805 3617 iraudis
842 3551 993 3614 Merulam
1033 3549 1138 3614 videro

223 3644 405 3702 convictum.

95 3762 214 3829 Petrus
237 3759 438 3824 Seriverius:
475 3758 666 3822 collectanea
692 3761 830 3819 reiorum
855 3757 1051 3837 tragicorum,
1073 3760 1140 3836 qui-

220 3849 278 3908 bus
302 3847 454 3907 accedunt
483 3847 630 3925 singulari
658 3843 763 3904 libello
794 3844 1010 3924 castigationes
1032 3847 1142 3924 eino-⁴

223 3937 273 3993 tae
309 3933 468 3992 uberiores
506 3930 635 3992 Gerardi
671 3929 796 3990 Ioannis
835 3929 943 3990 vossii.
998 3929 1140 4011 Lugdun.

161 4173 190 4242 l)
208 4171 344 4229 Prmcna
360 4189 429 4247 paq.
448 4165 483 4226 ri.
535 4167 565 4240 5)
583 4165 732 4225 Hermann
757 4165 895 4227 neeman
911 4187 980 4245 pap.
999 4168 1058 4226 did.
1109 4172 1141 4236 3)

805 4346 853 4410 3*
