2776 4892
612 289 861 366 ...58-

211 473 381 540 sententie.
426 472 561 538 certant
584 471 688 555 primo
707 469 798 538 bello
820 471 945 540 Punico
968 471 1010 537 do
1031 469 1145 540 Sicilie
1165 472 1251 540 Poe·

210 562 243 625 ni
266 558 485 642 Romanique3
521 577 619 641 quam
647 557 690 622 ad
719 557 887 624 Romanos
916 558 1081 640 pertinere
1110 557 1257 626 insulam

208 657 308 730 poeta
328 646 447 708 docere
469 641 555 718 vult3
577 643 687 727 itaque
708 641 838 709 fabulas
860 645 900 708 de
917 643 1070 726 Drepane
1092 655 1125 709 et
1139 644 1255 730 Eryce

209 742 395 798 narrantem
416 727 496 793 fecit
518 730 630 793 nescio
653 749 747 812 quem
768 730 832 808 ita,
864 741 900 796 ut
919 749 1016 816 ¹qtrne
1038 729 1149 814 paullo
1170 743 1253 796 ante

208 829 344 883 inertem
374 836 467 880 suurn
494 813 658 880 Anchises
686 815 720 880 in
750 813 908 880 honorem
938 826 973 879 et
1005 815 1156 882 solatium
1181 817 1255 882 Ro-

209 921 377 968 manorum
409 901 638 984 praedixerat,
670 912 841 983 repeteret.
885 900 922 966 Si
951 921 1031 966 vero
1061 901 1127 966 huc
1148 902 1252 969 etiam

213 989 288 1054 loco
319 988 476 1052 Naevium
506 987 680 1069 exscripsit
701 986 878 1074 Virgilius,
909 987 1042 1064 dubito,
1072 1009 1114 1054 an
1149 986 1253 1052 ullum

208 1075 313 1156 magis
335 1075 468 1152 deceat,
497 1071 538 1135 de
567 1073 673 1136 omine
702 1071 759 1138 illu
788 1084 830 1138 et.
848 1083 917 1138 tote
946 1072 1058 1138 fabula
1080 1073 1253 1138 Romanos

209 1161 397 1236 admonere,
430 1179 526 1242 quam
548 1157 709 1235 Duilium,
732 1159 784 1223 cni
806 1157 938 1224 insolitu
960 1159 1069 1222 adhuc
1090 1159 1253 1228 Romanis

207 1245 390 1331 proeliandi
412 1245 532 1326 genere
554 1244 782 1322 dimicandum,
812 1244 922 1328 itaque
946 1243 1062 1310 milites
1084 1246 1253 1328 trepiden-

207 1344 258 1396 tes
280 1330 424 1396 secundo
447 1331 554 1393 omine
574 1331 617 1394 ad
639 1328 860 1395 fortitudinem
882 1330 1060 1396 revocandi
1081 1343 1183 1397 erant.

293 1450 361 1515 Sed
382 1447 469 1515 eliud
494 1449 589 1512 etiam
612 1459 664 1514 est
683 1448 715 1512 in
738 1448 790 1512 his
812 1447 926 1516 Naevii
957 1449 1067 1513 verbis
1088 1469 1250 1514 memora-

207 1549 242 1604 tu
265 1535 415 1618 dignum,
437 1538 469 1597 in
493 1555 556 1618 quo
580 1545 612 1598 et
634 1536 707 1619 ipso
738 1531 896 1616 Virgilius
926 1557 999 1598 eum
1027 1536 1167 1600 imitatus
1199 1555 1253 1600 es·

208 1643 246 1688 se
269 1623 404 1686 videtur.
455 1619 621 1687 Anchisen
652 1621 737 1684 eninr
770 1621 934 1706 quamviS,
956 1619 1089 1684 fulmine
1117 1632 1252 1699 tactum,

208 1710 313 1774 visum
349 1705 501 1770 amisisse
531 1707 564 1770 in
593 1705 712 1770 fabulis
744 1706 786 1770 sit
801 1709 852 1786 ¹),
892 1709 1100 1789 quamobrem
1136 1707 1251 1792 Troja-

207 1814 321 1860 norum
345 1791 493 1856 conciliis
514 1813 577 1856 non
601 1791 785 1856 interfuisse
806 1792 942 1869 dicitur,
972 1791 1117 1858 Naevius
1140 1802 1251 1856 tamen

208 1891 241 1944 et
267 1875 423 1962 Virgilius
454 1899 527 1942 eum
556 1879 766 1943 obcaecatum
803 1898 869 1941 non
900 1876 1029 1957 dicunt,
1060 1879 1118 1943 sed
1144 1877 1250 1962 Virgi-

207 1966 271 2030 lius
308 1963 461 2028 membris
490 1975 611 2028 tantum
649 1962 787 2026 debilem
819 1984 891 2026 enm
922 1963 1026 2030 fuisse
1057 1975 1089 2029 et
1119 1975 1255 2048 captum

207 2063 327 2129 narrat,
349 2051 381 2114 in
405 2071 482 2136 quo,
504 2051 566 2113 nisi
588 2047 694 2130 fallor,
715 2049 873 2114 Naevium
895 2047 1009 2114 habuit
1026 2062 1248 2134 praeeuntem.

294 2171 466 2246 Demere,
489 2169 638 2233 victimas
659 2169 783 2233 auratis
807 2169 961 2233 cornibus
984 2169 1141 2252 insigneS,
1165 2191 1248 2256 quas

207 2255 408 2424 asurgffishcf
429 2253 503 2320 loeo
525 2268 623 2338 poeta
644 2255 741 2334 dicit,
768 2253 959 2323 vimmolandi
989 2255 1166 2342 disputavit
1185 2257 1267 2322 Eu-.

711 2457 741 2520 2

292 2567 478 2650 Nonius³):
518 2575 665 2648 atrox,
701 2569 851 2634 crudum..
898 2568 1043 2636 Naeuius
1073 2546 1148 2635 delli
1183 2567 1246 2634 m-

207 2656 273 2731 nici
296 2655 381 2719 libro
403 2655 516 2718 tertie:

332 2780 424 2840 simul
444 2780 564 2842 atrocia
582 2781 777 2854 prostrarent
799 2783 874 2840 extu
895 2782 1143 2842 mirristratdres.

291 2892 337 2959 lta
359 2893 549 2958 Menoetius.
572 2901 669 2957 extre
689 2893 858 2959 Leidensis
882 2896 999 2973 codex,
1022 2914 1118 2980 quem
1140 2894 1248 2978 sequi*

205 2992 257 3045 tur
285 2979 492 3056 Schuettins3
519 2977 733 3066 projecerunt
762 2981 859 3044 Hadr.
893 2980 1008 3045 lunius
1036 2983 1069 3051 in
1100 2980 1247 3044 animad-

205 3067 330 3142 versis;
359 3069 569 3148 perlicerent
596 3066 682 3131 idem
711 3067 743 3130 in
779 3067 919 3132 editione
949 3089 1028 3138 suar
1061 3067 1249 3150 pelliciunt

205 3149 393 3234 spangenb.
416 3163 449 3214 et
471 3151 615 3216 Sclruett.
632 3163 809 3234 praeeunte
824 3153 951 3218 Merula
965 3156 1008 3236 ⁴).
1051 3151 1132 3216 Mihi
1150 3154 1248 3217 unice

204 3258 285 3302 vera
316 3235 467 3300 Mercerii
498 3235 596 3300 lectio
625 3239 772 3321 videtur,
810 3261 893 3326 quae
922 3240 997 3303 inde
1030 3237 1249 3322 corruptelam

206 3325 322 3402 traxit,
346 3322 430 3407 quud
455 3320 591 3408 glossae
609 3326 820 3406 peruicerunt
841 3336 873 3388 et
896 3325 1108 3409 projecerunt
1132 3344 1246 3389 veram

204 3410 395 3487 lectionem,
417 3408 601 3472 inusitatam
624 3407 712 3472 illam
733 3419 831 3494 atque
853 3413 1007 3494 ignotam,
1032 3409 1106 3474 loco
1127 3410 1247 3474 cedere

198 3499 364 3584 juberent.
409 3493 585 3558 Prosiccre
606 3508 714 3559 eutem
738 3498 887 3580 quumvis
909 3496 974 3562 alio
997 3495 1073 3560 loco
1101 3497 1251 3560 invenia-

204 3597 255 3648 tur
278 3581 387 3661 nullo‚
417 3601 436 3644 e
458 3581 626 3646 vocabulis
648 3591 756 3645 tamen
788 3585 963 3666 prosiciunt
992 3592 1025 3645 et
1051 3583 1247 3664 pr·usiciu⁵)

203 3689 366 3750 apparere
388 3667 533 3744 videtur,
556 3670 689 3730 verbum
711 3666 789 3730 illud
812 3672 844 3731 in
867 3689 928 3731 usu
953 3669 1115 3752 quondam
1131 3667 1247 3746 luisse,

205 3752 291 3840 quod
314 3773 387 3820 cum
409 3753 548 3818 librariis
570 3752 745 3818 inauditum
764 3755 938 3834 videretur,
961 3752 1146 3836 explicandi
1169 3773 1248 3818 eau-

274 3931 300 3997 l)
323 3925 439 3982 Seruius
456 3929 496 3981 ud
519 3927 594 4002 γίνῃ.
613 3927 691 3984 Aen..
709 3929 729 3982 l.
746 3930 813 3996 um
840 3930 938 4000 Heync
962 3947 1070 3983 eucurs.
1096 3927 1179 3982 XVll.
1206 3929 1248 3983 ad

203 4015 271 4070 Aen.
291 4014 342 4078 ll.‚·
366 4009 470 4082 unqu.
494 4011 556 4080 sad.
581 4009 685 4068 xciv..
737 4015 765 4081 2)
784 4015 824 4070 ad
849 4013 945 4068 Hum.·
960 4013 1061 4084 Odyrs.
1080 4031 1149 4086 puy.
1170 4013 1246 4068 1t75.

202 4099 244 4153 32.
265 4096 308 4152 ed.
326 4097 428 4164 unm.;
456 4095 572 4168 Pupmu
594 4098 635 4152 ad
658 4097 774 4154 Vari-nn.
800 4102 836 4154 de
854 4101 922 4172 ling.
950 4099 1015 4153 Lat.
1032 4118 1108 4175 φωρ.
1137 4099 1247 4152 tuder.

205 4181 270 4254 Bip'.
322 4183 352 4252 3)
372 4201 394 4236 s.
411 4187 549 4236 nssatrcu.
570 4200 639 4255 pag.
658 4183 700 4236 76.
721 4182 810 4238 Marc.
832 4187 875 4239 54.
897 4183 972 4239 Gerl.
992 4191 1019 4238 et
1039 4183 1139 4238 nott..
1179 4184 1207 4248 t)
1229 4183 1248 4234 l.

205 4269 223 4322 l.
241 4285 308 4341 paq.
329 4268 386 4322 4⁸25.
439 4267 471 4335 5)
490 4263 589 4322 Fertur
605 4284 673 4341 pay.
692 4268 751 4324 utu.
774 4267 873 4325 Muell.
931 4295 943 4308 ··
