2802 4908
494 289 769 414 -rsr-

110 521 229 590 coleos
247 513 368 588 dictam
389 518 493 586 fuisse
508 529 639 604 gentem
654 518 817 604 quandam
830 517 1046 602 Lanuuinum,
1070 540 1152 607 quos

108 611 230 675 idcirco
253 607 370 674 Cicero
395 607 502 686 affert,
524 615 558 671 ut
580 617 695 670 contra
715 607 848 670 Stoicos
868 605 1010 685 evincat,
1030 607 1064 672 in
1087 627 1151 674 me·

107 696 153 760 ris
175 695 287 760 verbis
307 715 373 759 non
396 695 506 759 inesse
529 693 740 771 obscoenum,
758 693 817 756 sed
837 693 870 756 in
891 692 1027 774 ipsura
1070 694 1153 769 Quis

107 783 190 848 enim
213 781 274 855 (ita
296 781 576 864 argumentatur),
599 779 653 842 ubi
683 777 723 843 de
746 772 857 842 Colais
880 771 1057 843 Lanuvinis
1083 802 1151 846 sen
1203 821 1206 826 -

105 889 157 933 mo
178 878 242 944 est,
264 867 305 931 de
323 867 364 930 iis
388 867 525 950 cogitat,
544 879 629 951 quae
650 865 820 930 obscoena
843 863 874 928 in
902 865 981 929 viris
1004 878 1079 932 sunt
1092 869 1151 948 Ἢ

106 954 206 1039 Atqui
228 953 257 1016 si
278 950 409 1017 salaces
431 951 591 1016 Lanuvini
612 949 827 1026 habebantur,
842 951 1076 1035 unusquisque,
1093 973 1152 1036 pu·
1220 965 1222 972 '

106 1051 152 1118 to,
169 1040 211 1103 de
232 1055 269 1102 re
286 1040 454 1103 obscoena
469 1037 656 1120 cogitasset.
691 1035 755 1100 Pro
778 1035 905 1101 tottam
928 1037 1056 1102 bulbum
1074 1041 1153 1105 sub-

106 1128 241 1191 stituere
263 1122 398 1190 Bothius
420 1121 552 1200 mavult,
581 1121 695 1186 nescio
716 1143 759 1186 an
783 1125 875 1188 bene.
920 1123 956 1188 Si
987 1125 1072 1188 enirn
1094 1146 1152 1190 ve·

106 1233 143 1276 ra
166 1221 262 1287 sunt,
293 1231 377 1295 quae
399 1210 441 1276 ele
464 1207 565 1274 balba
592 1207 1153 1294 exponieForcellimm2)„umbi·

107 1299 263 1382 guitatem
279 1297 442 1380 qualidum
461 1296 709 1360 obscoeniorem
725 1294 885 1360 Naevium
902 1296 1079 1372 affectasse
1095 1318 1153 1381 pa·

105 1395 160 1450 tet.
207 1383 350 1448 Bulbum
369 1384 475 1460 enirn,
506 1402 571 1446 non
599 1375 898 1464 tantumlocuti
920 1381 1044 1448 dixisse
1066 1385 1154 1450 arbi-

99 1482 222 1564 tratur,
245 1480 280 1534 ut
302 1469 344 1535 de
364 1468 465 1533 vulva
479 1467 576 1532 etiam
598 1478 806 1552 spectatores
827 1469 974 1552 cogitare
989 1469 1155 1552 potuerint

103 1557 170 1622 Sed
201 1555 339 1628 madida
366 1555 508 1634 brtlbn³)
542 1553 606 1618 hoc
635 1551 765 1638 quidem
795 1574 896 1620 seusu
925 1557 1028 1628 verba
1057 1556 1155 1622 nimis

102 1653 277 1728 praetexta
299 1652 386 1718 sunt,
408 1661 492 1726 quae
514 1640 621 1723 ipsam
642 1641 852 1708 vetustiorem
875 1641 1078 1709 comoediam
1094 1640 1154 1708 Au

104 1731 204 1794 ticum
234 1727 419 1794 lascivitate
450 1737 614 1809 superent.
658 1725 703 1790 Ut
732 1746 838 1791 meam
859 1722 901 1790 de
927 1726 979 1797 his
1001 1728 1155 1797 versibus

101 1817 302 1882 seutentiam
323 1813 544 1896 interponam,
567 1809 647 1876 nihil
675 1813 834 1886 obscoeni
862 1811 940 1877 mihi
968 1815 1097 1898 quidem
1120 1815 1156 1880 in

101 1903 143 1968 iis
174 1906 287 1968 messe
314 1900 451 1963 videtur.
494 1897 615 1966 Narrat
643 1897 729 1961 enim
757 1898 808 1960 vir
836 1898 966 1980 quidam
995 1900 1158 1983 benignus

100 2001 134 2054 et
156 1986 289 2070 largus,
310 2005 347 2050 se
371 1979 561 2051 Lanuvinus
590 1982 748 2068 quosdam
781 1994 813 2049 et
836 1983 1072 2053 Praenestinus
1095 1986 1156 2052 hu·
1272 2003 1274 2006 ·

98 2076 212 2142 urinas
231 2073 375 2156 bospitio
394 2069 580 2153 excepisse,
604 2069 656 2132 oui
677 2087 799 2134 avarus
809 2065 945 2154 ,quidam
961 2073 1007 2136 ita
1019 2092 1160 2156 respons

98 2163 169 2240 dit,
202 2171 240 2224 ut
263 2157 338 2224 illos
361 2157 448 2222 haud
478 2155 713 2220 dedecuissea
741 2173 802 2220 sua
835 2156 965 2239 quidem
994 2159 1159 2224 serrtentia

97 2246 318 2334 profiteatur,
340 2244 389 2322 si,
409 2245 496 2326 'quae
519 2260 581 2304 sua
610 2242 768 2327 cujusque
788 2243 880 2325 regio
911 2243 1035 2327 optima
1058 2249 1157 2326 quaa·

98 2353 168 2420 que
191 2331 366 2416 producat,
388 2349 429 2394 aa
451 2345 470 2392 e
491 2327 618 2410 patria,
647 2339 802 2412 tanquam
831 2338 927 2411 grata
952 2343 1158 2414 acceptaque

95 2417 232 2502 hospiti
261 2433 417 2490 munera,
439 2411 634 2478 attulissent.
678 2406 790 2478 Nuces
811 2413 897 2478 einim
920 2409 1157 2482 Praenestinae

97 2523 239 2572 summo
260 2503 293 2568 in
315 2499 441 2566 honore
462 2498 714 2584 habebantur4)
737 2511 769 2564 et
789 2498 981 2566 Lanuvinus
1002 2499 1158 2586 lapathos

99 2593 185 2672 (hae
210 2589 298 2654 enim
330 2585 450 2652 bulbae
471 2585 623 2651 madidae
643 2596 740 2664 sunt,
763 2604 844 2671 quus
870 2585 992 2652 Plinius
1005 2590 1037 2668 5)
1057 2587 1159 2660 hunti-

99 2681 179 2756 dos,
212 2675 360 2740 lubricos
380 2683 489 2737 autem
514 2669 698 2739 Columella
709 2673 742 2752 ⁶)
776 2673 870 2756 dicit)
891 2674 1034 2755 optimae
1058 2686 1159 2741 notua

97 2767 212 2834 fuisse
239 2758 390 2845 conjicio.
436 2755 568 2822 lnanern
586 2769 695 2822 autem
716 2755 848 2822 balbam
863 2759 942 2824 dicit
960 2779 1062 2826 seusu
1077 2763 1158 2828 acti·

98 2871 166 2929 vo,
191 2848 304 2934 quod,
334 2855 369 2910 ut
390 2843 515 2929 lapathi
536 2863 679 2918 nomena
696 2853 809 2926 utpote
830 2865 852 2908 a
880 2846 1054 2922 λαπάζειν
1074 2847 1158 2930 deri·

97 2938 265 3010 vandum,
288 2931 421 3010 indicat,
441 2927 553 2997 alvum
574 2928 677 2996 inanit
696 2927 861 3016 solvitque
871 2931 916 3015 ⁷).

187 3173 227 3237 ln
252 3167 345 3236 libris
367 3187 446 3233 mss,
469 3067 913 3260 dicitsstyetlffl·nyartaca
931 3183 964 3240 et
988 3169 1158 3262 Sipparia.

95 3259 176 3328 Non
200 3255 324 3324 Naevii
348 3265 411 3335 est,
432 3255 493 3320 sed
513 3255 669 3341 Novii0).

538 3395 733 3482 Lampadio.

188 3500 305 3568 Varro
318 3503 369 3586 ⁹):
399 3502 501 3566 malta
529 3501 622 3586 opud
649 3509 766 3586 poetas
791 3503 921 3588 reliqua
948 3519 1018 3566 esse
1046 3499 1159 3582 uerba,

168 3675 199 3742 1)
220 3667 327 3738 confer
344 3677 442 3725 tamen
463 3671 501 3725 da
520 3669 723 3724 Romanorum
744 3674 776 3726 tn
797 3667 1001 3744 omnponendir
1018 3667 1162 3743 ambtpuir

91 3761 194 3816 uerbis
227 3755 404 3810 uerecundia
426 3754 476 3809 Fr.
499 3755 599 3810 Ritter
620 3760 652 3810 ta
668 3753 744 3809 Mas.
769 3753 920 3808 namuh
939 3770 1012 3828 pap.
1027 3759 1079 3812 439
1097 3772 1158 3827 sqq.

92 3847 121 3914 2)
140 3849 175 3899 in
192 3837 363 3898 mcciv.
380 3857 449 3914 pap.
465 3845 526 3898 498.
578 3841 606 3910 3)
624 3844 758 3914 oppos-tta
776 3841 924 3893 siccae:
941 3837 980 3908 cf.
998 3838 1103 3894 Rader-
1118 3837 1160 3894 ad

91 3927 243 3986 Martial.
266 3922 315 3977 Xl.
334 3929 376 3981 81.
395 3931 426 3990 23
452 3927 496 3978 tta
513 3927 603 3980 etiam
625 3925 735 3980 udat:
751 3923 881 3979 Juvenal.
898 3925 933 3979 X.
949 3928 1010 3981 881.
1068 3927 1097 3994 4)
1117 3925 1157 3998 cf.

91 4013 237 4072 Macrob.
259 4009 277 4063 l.
294 4008 332 4074 l.‚·
358 4008 430 4062 Cato
448 4009 485 4062 dc
500 4027 534 4063 re
549 4016 620 4064 mast.
642 4015 667 4068 8.
720 4011 749 4077 5)
768 4007 833 4062 bist.
858 4015 919 4064 nat.
938 4008 1011 4065 XlX.
1034 4015 1084 4082 tt„
1128 4014 1158 4084 6)

88 4101 125 4157 X.
145 4103 214 4159 378.
275 4097 305 4158 7)
328 4091 504 4148 Braunltard
521 4095 562 4148 ad
579 4093 683 4150 Horat.
707 4093 798 4168 repon
816 4092 848 4146 ll.
866 4099 908 4151 57.
961 4096 989 4162 8)
1008 4096 1047 4167 cf.
1067 4095 1159 4154 Krahl

88 4187 132 4242 ad
152 4181 313 4241 Priscian.
333 4177 366 4232 V.
385 4183 410 4234 7.
430 4195 501 4252 pap.
519 4181 584 4248 1953
617 4175 745 4234 Sabobar
769 4177 817 4231 dle
841 4167 1034 4237 Atellanam.
1048 4179 1158 4238 Sabou·

85 4271 185 4344 spicia
205 4263 521 4334 d.Hoernerpap.14;
540 4259 633 4316 Mona
649 4261 687 4318 de
703 4260 765 4333 fab.
775 4265 861 4320 Atell.
874 4282 946 4340 pap.
956 4269 1014 4324 172·
1031 4274 1089 4322 not.
1100 4272 1159 4327 165.

82 4359 115 4429 9)
137 4357 180 4412 de
200 4353 279 4424 [inp.
297 4347 363 4402 Lat.
377 4362 448 4421 pap.
466 4349 519 4405 385
539 4345 648 4422 Spenp.
961 4377 964 4387 ι
